2992 4842
530 531 618 598 38
1333 553 1731 598 oenum-1101

530 705 768 780 portat,
797 692 910 778 qui
929 691 1166 757 fluctus
1187 691 1545 776 siguificare
1562 693 1890 769 dicuntur,
1914 700 2286 756 noscuntur.
2378 690 2533 756 Mu-

531 802 700 844 saeus
730 779 809 842 de
839 801 1028 863 capra
1047 777 1168 842 hoc
1197 779 1394 842 refert
1419 802 1434 842 ε
1481 779 1675 843 datur
1702 778 1877 842 Jovis
1906 778 2117 842 infans
2146 776 2533 841 nutriendus

531 865 828 930 Themidi
861 863 1263 941 Amalthoeae,
1296 886 1443 948 quae
1471 863 1601 928 fuit
1631 863 1888 928 domina
1916 885 2146 948 caprae,
2180 885 2327 947 quoe
2350 885 2435 926 ex
2455 886 2533 928 ea

529 949 756 1016 Jovem
781 950 1070 1014 nutrivit.
1161 950 1322 1014 Esse
1355 961 1572 1014 autem
1614 949 1777 1014 hanc
1816 971 2071 1034 capram
2115 949 2311 1012 filiam
2362 948 2530 1012 Solis

529 1035 774 1114 dicunt,
821 1037 1005 1121 cujus
1033 1047 1328 1120 aspectus
1367 1045 1501 1100 tam
1550 1046 1741 1098 atrox
1778 1033 1972 1098 fuisse
2012 1035 2265 1110 dicitur,
2308 1046 2386 1098 ut
2418 1034 2531 1098 Ti-

529 1133 712 1188 tanes
731 1145 872 1186 eam
891 1121 1212 1196 timerent,
1233 1133 1663 1205 rogarentque
1688 1131 1955 1184 matrem
1977 1120 2265 1196 Terram,
2286 1131 2363 1183 ut
2380 1143 2525 1184 eam

528 1206 812 1272 abderet.
903 1206 1104 1272 Terra
1131 1219 1348 1271 autem
1375 1207 1445 1270 in
1475 1219 1662 1271 antro
1684 1207 1961 1274 clausam
1994 1205 2375 1270 Amalthaeae
2396 1217 2527 1269 tra-

528 1292 692 1358 didit
728 1291 1229 1369 custodiendam,
1267 1290 1490 1375 ibique
1522 1291 1747 1356 Jovem
1786 1313 1931 1355 cum
1964 1313 2117 1356 eura
2142 1291 2525 1356 Amalthaeae

527 1377 854 1444 educasse.
945 1376 1252 1443 Quicum
1281 1389 1450 1442 esset
1469 1379 1751 1463 juvenis,
1781 1389 1850 1441 et
1878 1378 1985 1441 ille
2008 1390 2231 1442 contra
2260 1377 2525 1440 Titanes

524 1463 786 1528 inermis
814 1463 1006 1528 vellet
1033 1485 1339 1548 pugnare,
1372 1464 1515 1547 ejus
1545 1463 1776 1547 pellem
1808 1463 2043 1526 dicitur
2060 1475 2383 1547 acceptam
2404 1485 2523 1546 pro

529 1561 712 1614 scuto
739 1549 1060 1626 habuisse,
1093 1549 1266 1632 quod
1294 1571 1549 1634 semper
1594 1545 1935 1614 Titanibus
1982 1549 2258 1632 agitator
2304 1547 2521 1612 timori

523 1633 743 1711 fuerit,
764 1646 833 1700 et
849 1635 1178 1700 dicebatur
1197 1634 1406 1698 media
1415 1633 1581 1718 pelle
1603 1634 2020 1716 Gorgoneum
2039 1645 2233 1717 caput
2249 1632 2519 1711 habere;

525 1743 604 1784 eo
633 1731 841 1784 tectus
871 1731 1198 1804 tegmento
1227 1741 1456 1804 caprae,
1502 1731 1684 1802 tergo
1714 1719 1979 1784 alterius
2007 1719 2191 1802 pellis
2220 1729 2393 1782 tecta
2420 1741 2521 1782 re-

523 1805 760 1883 stituit,
789 1807 942 1870 vitae
973 1804 1168 1870 etiam
1193 1805 1673 1870 immortalitate
1702 1805 1981 1881 donavit,
2032 1804 2303 1888 caelique
2332 1803 2519 1868 astris

523 1891 766 1967 intulit,
795 1903 864 1955 et
892 1893 1030 1976 ejus
1060 1890 1294 1975 pellem
1322 1891 1686 1974 appellavit.
1778 1890 1945 1954 Aliis
1975 1889 2205 1973 placet,
2244 1890 2539 1973 agitato-,

523 1999 662 2041 rem
691 1976 1036 2060 Myrtilum
1066 1998 1224 2052 esse,
1259 1975 1574 2040 Mercurii
1601 1977 1829 2053 filium,
1863 1975 2173 2039 OEnomai
2202 1975 2514 2058 aurigam,

525 2073 594 2126 et
643 2085 684 2126 a
727 2074 910 2146 patre
963 2059 1292 2126 Mercurio
1343 2062 1530 2127 astris
1582 2061 1856 2138 illatum,
1912 2062 2012 2145 cuj
2022 2083 2097 2124 us
2142 2073 2337 2144 caput
2382 2083 2519 2124 11011

523 2147 800 2212 multum
833 2147 1034 2212 distat
1061 2147 1144 2211 ab
1175 2145 1426 2224 Helice,
1475 2169 1689 2230 genua
1730 2157 2149 2231 apponuntur
2196 2146 2517 2221 GeminiS,

523 2233 718 2317 pedes
760 2235 960 2318 juxta
1009 2233 1210 2296 Tauri
1255 2254 1516 2297 cornua.
1610 2231 1833 2296 Habet
1878 2242 2097 2296 autem
2154 2231 2391 2309 stellas,
2447 2232 2533 2294 111-

523 2319 730 2403 capite
785 2341 998 2395 unam,
1045 2319 1116 2382 in
1163 2318 1431 2402 singulis
1477 2318 1761 2382 humeris
1808 2317 2110 2402 singulae,
2162 2317 2275 2380 sed
2316 2339 2393 2381 ea
2420 2327 2521 2380 est

523 2403 769 2481 clarior,
805 2426 952 2488 quae
979 2404 1050 2468 in
1079 2403 1338 2468 sinistro
1367 2403 1637 2468 humero
1660 2415 1781 2482 est,
1802 2417 1869 2468 et
1889 2402 2249 2487 appellatur
2270 2402 2514 2486 Capra:

521 2489 594 2552 in
623 2489 890 2574 singulis
918 2490 1190 2573 genibus
1231 2489 1538 2572 singulas,
1567 2489 1631 2552 in
1666 2490 1899 2554 dextra
1939 2511 2138 2552 11181111
2184 2509 2400 2564 unam,
2448 2488 2519 2551 in

523 2575 778 2640 sinistra
807 2576 985 2652 duas,
1017 2587 1084 2639 et
1115 2597 1309 2658 super
1335 2575 1476 2658 ipso
1505 2574 1765 2639 brachio
1794 2575 2006 2639 stellas
2037 2574 2219 2652 duas,
2246 2596 2394 2658 quae
2412 2595 2521 2638 vo-

523 2671 750 2724 cantur
783 2660 1008 2727 Hoedi.
1100 2661 1272 2725 Sunt
1299 2682 1521 2724 01111188
1552 2660 1741 2724 81111111
1771 2661 2010 2724 decem.

611 2744 810 2810 Porro
851 2746 1139 2810 Taurum
1186 2747 1356 2810 inter
1403 2758 1577 2810 astra
1623 2745 1883 2830 quidam
1931 2754 2169 2829 putant
2212 2743 2517 2828 positum,

522 2843 786 2978 §opter
815 2831 1066 2910 Jovem,
1103 2832 1278 2914 quod
1320 2831 1386 2895 in
1426 2831 1652 2895 bovem
1702 2831 1786 2894 sit
1823 2830 2112 2895 fabulose
2158 2851 2518 2894 conversus,

597 2916 828 2998 igidius
856 2916 1028 2982 hune
1059 2917 1102 2981 J
1103 2939 1282 2980 ovem
1311 2940 1352 2981 a
1382 2916 1696 3000 Neptuno
1725 2917 1919 2980 fratre
1949 2937 2066 3000 per
2094 2915 2371 2998 gratiam
2410 2915 2521 2978 ad-

521 3001 805 3079 duxisse,
839 3002 955 3086 qui
985 3003 1052 3066 iu
1083 3003 1292 3085 figura
1319 3003 1519 3066 Tauri
1548 3024 1807 3066 sensum
1842 3002 2195 3066 humanum
2224 2999 2518 3076 haberet,

525 3109 718 3170 quem
746 3087 1003 3172 Jupiter
1033 3086 1339 3153 Sidonem
1370 3088 1567 3164 misit,
1601 3099 1675 3151 ut
1706 3087 2035 3171 Europam
2082 3086 2401 3168 Agenoris
2446 3086 2521 3147 fi-

521 3171 674 3234 liam
705 3173 786 3236 ad
813 3196 880 3236 se
912 3182 1218 3257 portaret,
1260 3173 1444 3258 isque
1492 3195 1609 3257 per
1655 3173 1919 3257 pelagus
1967 3172 2273 3236 Sidonem
2318 3171 2516 3246 venit,

521 3257 742 3342 ibique
773 3258 1105 3342 Europam
1133 3259 1306 3322 inter
1333 3259 1613 3342 aequales
1644 3281 1790 3321 suas
1817 3258 2150 3320 ludentem
2178 3256 2248 3318 in
2280 3255 2521 3338 templo

524 3342 886 3428 AEsculapii
914 3343 1276 3428 conspexit,
1307 3367 1580 3429 eamque
1610 3343 1948 3428 repentino
1972 3352 2232 3426 arreptu
2256 3340 2521 3404 colloca-

525 3439 656 3494 tam
703 3451 822 3492 suo
871 3439 1051 3512 tergo
1099 3429 1359 3494 devexit
1407 3430 1488 3493 ad
1537 3428 1581 3493 J
1580 3451 1759 3492 ovem
1804 3428 1873 3490 in
1912 3427 2191 3492 insulam
2239 3424 2515 3490 Cretam.

527 3511 632 3576 Ob
663 3511 828 3578 hanc
849 3515 1050 3598 igitur
1079 3537 1330 3578 causam
1360 3514 1619 3599 Jupiter
1652 3514 1937 3577 Taurum
1970 3512 2283 3576 sideribus
2306 3512 2523 3593 digna-

526 3609 634 3662 tus
665 3610 763 3662 est
787 3599 1132 3663 immortali
1162 3601 1468 3664 memoria
1495 3599 1755 3663 inferre.
1847 3596 2311 3662 Eratosthenes
2340 3596 2517 3672 dicit,

522 3683 696 3748 hunc
715 3707 850 3748 esse
869 3684 984 3768 qui
1013 3685 1167 3748 coiit
1195 3707 1342 3748 cum
1373 3683 1711 3769 Pasiphae.
1801 3680 2011 3767 Cujus
2041 3683 2285 3767 priores
2306 3692 2519 3766 partes

525 3781 862 3853 apparent,
895 3768 1215 3853 reliquum
1262 3792 1492 3853 corpus
1538 3791 1671 3833 11011
1706 3780 1976 3853 apparet
2016 3779 2277 3852 propter
2311 3766 2520 3830 foemi-

525 3876 722 3918 neum
755 3875 1004 3918 sexum.
1097 3855 1362 3939 Spectat
1390 3868 1611 3919 autem
1640 3854 1974 3918 orientem.
2065 3852 2144 3917 In
2176 3853 2359 3936 signo
2408 3874 2521 3915 au-

526 3949 658 4002 tem
689 3937 886 4004 Tauri
912 3938 1087 4002 frons
1117 3951 1184 4002 et
1213 3939 1425 4015 facies,
1460 3939 1725 4023 Hyades
1742 3949 2071 4015 vocantur,
2099 3960 2259 4022 quas
2284 3937 2522 4000 Phere-

524 4023 714 4106 cydes
747 4024 1104 4088 Athenaeus
1134 4024 1414 4088 nutrices
1455 4024 1684 4090 Liberi
1728 4025 1904 4101 dicit,
1948 4045 2096 4107 quae
2143 4023 2523 4088 Dodonides
