2992 4842
780 1015 1461 1090 GERMANICI
1546 1013 2067 1091 CAESARIS

1080 1251 1777 1353 RELIQUIAE.

761 1735 819 1799 I.
912 1732 1567 1798 PHAENOMENA
1613 1732 2029 1798 ARATEA.

504 1911 613 1975 ΑΒ
655 1911 814 1976 Jove
844 1911 1230 1996 principium
1258 1932 1493 1995 magno
1525 1910 1799 1975 deduxit
1830 1910 2109 1975 Aratus:

420 1996 735 2062 Carminis
766 2008 833 2062 at
862 1997 1069 2074 nobis,
1100 1996 1375 2080 genitor,
1409 2007 1484 2061 tu
1513 1997 1835 2060 maximus
1865 2007 2090 2061 auctor
2115 2022 2131 2074 ;

415 2080 509 2146 Te
538 2105 827 2162 veneror,
858 2083 983 2146 tibi
1012 2104 1187 2147 sacra
1212 2082 1350 2146 fero
1380 2082 1682 2168 doctique
1711 2082 1947 2146 laboris

416 2166 759 2234 Primitias.
850 2167 1095 2233 Probat
1119 2167 1258 2253 ipse
1288 2167 1481 2233 desim
1511 2179 1851 2253 rectorque
1877 2177 2199 2254 satorque.

420 2253 763 2320 Quantum
796 2254 1037 2318 etenim
1066 2263 1330 2338 possent
1358 2254 1512 2319 anni
1543 2254 1893 2318 certissima
1921 2252 2125 2336 signa,
2387 2269 2418 2314 5

419 2338 575 2405 Qua
606 2339 719 2404 Sol
749 2339 1081 2404 ardentem
1112 2336 1437 2404 Cancrum
1465 2339 1902 2424 rapidissimus
1931 2339 2156 2418 ambit,

418 2424 854 2511 Diversaeque
885 2436 1057 2489 secat
1083 2435 1289 2490 metas
1319 2425 1515 2509 gelidi
1546 2422 1946 2510 Capricorni,

420 2510 651 2577 Quave
684 2511 876 2576 Aries
902 2522 969 2576 et
999 2510 1199 2575 Libra
1227 2522 1494 2596 aequant
1523 2509 1792 2575 divortia
1823 2510 2005 2587 lucis,

421 2596 493 2661 Si
525 2619 658 2661 non
686 2607 873 2683 parta
901 2596 1105 2682 quieS,
1138 2606 1203 2660 te
1232 2596 1526 2682 praeside,
1558 2597 1888 2682 puppibus
1920 2618 2144 2680 aequor

421 2681 805 2768 Cultorique
837 2681 1017 2747 daret
1046 2692 1270 2761 terras,
1302 2682 1527 2768 procul
1556 2704 1733 2746 arma
1760 2681 2070 2746 silerent?
2358 2684 2418 2730 10

420 2767 619 2832 Nunc
648 2778 830 2833 vacat
860 2767 1129 2832 audaces
1161 2767 1245 2832 ad
1274 2768 1504 2832 caelum
1533 2767 1759 2831 tollere
1789 2767 2004 2831 vultus

420 2851 778 2939 Sideraque
810 2863 878 2917 et
907 2853 1130 2918 mundi
1158 2853 1363 2918 varios
1387 2875 1765 2936 cognoscere
1794 2863 2042 2930 motus3

419 2938 661 3004 Navita
691 2938 849 3024 quid
878 2949 1097 3004 caveat
1125 2965 1142 3015 3
1190 2938 1347 3024 quid
1376 2940 1576 3003 scitus
1603 2938 1763 3003 vitet
1785 2949 1999 3003 arator
2022 2963 2038 3017 3

420 3024 704 3091 Quando
732 3035 938 3089 ratem
961 3024 1166 3089 ventis
1196 3035 1312 3089 aut
1342 3024 1558 3089 credat
1587 3025 1832 3089 semina
1859 3024 2066 3088 terris·

421 3110 587 3177 Haec
617 3133 737 3194 ego
767 3110 922 3175 dum
951 3109 1157 3174 Latiis
1185 3133 1380 3175 conor
1406 3110 1754 3195 praedicere
1785 3109 2017 3187 Musis,
2356 3112 2414 3158 15

421 3196 567 3261 Pax
596 3206 712 3260 tua
732 3206 937 3282 tuque
967 3196 1133 3262 adsis
1163 3206 1339 3273 nat0,
1369 3218 1741 3280 numenque
1772 3195 2114 3260 secundes!

508 3281 763 3359 Cetera,
790 3304 940 3367 quae
972 3291 1110 3345 toto
1139 3282 1392 3366 fulgent
1419 3305 1580 3366 vaga
1608 3282 1817 3346 sidera
1845 3282 2109 3358 mund0,

419 3367 751 3432 Indefessa
778 3367 977 3432 trahit
1004 3367 1264 3452 proprio
1294 3389 1441 3431 cum
1470 3367 1752 3452 pondere
1781 3367 2029 3434 caelum.

420 3453 594 3518 Axis
622 3465 691 3518 at
710 3454 1015 3518 immotus
1044 3475 1294 3538 semper
1324 3454 1592 3537 vestigia
1620 3463 1848 3530 servat,

417 3539 848 3624 Libratasque
875 3550 1056 3603 tenet
1085 3549 1287 3603 terras
1321 3550 1389 3603 et
1416 3540 1671 3603 cardine
1705 3539 1890 3603 firmo
2348 3542 2412 3588 20

418 3623 665 3690 Orbem
692 3625 849 3708 agit.
940 3624 1331 3689 Extremum
1360 3627 1656 3708 geminus
1685 3625 2072 3689 determinat
2101 3647 2315 3703 axem,

417 3711 638 3778 Quem
674 3710 859 3775 Graii
888 3710 1112 3775 dixere
1141 3709 1337 3795 polon
1364 3735 1379 3788 ;
1425 3733 1572 3795 pars
1601 3732 1808 3774 mersa
1837 3711 1958 3775 sub
1989 3710 2192 3776 undas

421 3796 685 3874 Oceani,
716 3818 865 3882 pars
895 3796 1061 3861 celsa
1088 3796 1210 3861 sub
1239 3795 1549 3860 horrifero
1580 3796 1926 3881 Aquilone.

501 3882 724 3948 Axem
756 3881 1027 3947 Cretaeae
1055 3883 1288 3946 dextra
1315 3881 1603 3967 laevaque
1633 3892 1905 3946 tuentur
2262 3883 2408 3916 ΛΜΗ·

417 3968 564 4037 Sive
595 3968 779 4033 Arcti
808 3991 924 4032 seu
954 3967 1237 4033 Romani
1267 3967 1661 4052 cognominis
1693 3966 1912 4047 Ursae,
2346 3967 2409 4013 25

416 4053 812 4132 Plaustrave,
848 4076 995 4139 quae
1024 4054 1217 4118 facies
1248 4053 1575 4120 stellarum
1605 4065 1702 4118 est
1731 4053 2026 4138 proxima
2047 4074 2197 4175 vege
2223 4075 2236 4115 :
