2992 4842
514 557 552 591 X
1224 555 1509 592 PRAEPATIO
1536 555 1786 592 onELul.

587 682 860 736 Internam
883 689 1062 735 autem
1083 683 1314 736 indolem
1337 682 1670 766 singulorum
1691 683 1829 738 hanc
1850 700 1961 737 esse
1981 684 2235 754 perspexi.
2308 683 2505 736 Totum

513 753 750 806 lecfionis
772 769 942 821 genus
963 754 1056 805 ubi
1093 759 1308 823 specte'S‚
1343 771 1374 806 o
1409 761 1595 807 timam
1616 755 1753 808 inter
1773 770 1953 808 omnes
1985 755 2219 824 praebent
2257 753 2309 806 G
2334 762 2387 807 et
2426 751 2474 806 E
2490 774 2505 805 ε

513 824 676 876 immo
699 830 826 875 sunt
845 822 964 889 loci,
999 825 1094 876 ubi
1114 825 1365 877 recentior
1477 824 1727 878 devitavit
1763 842 1954 878 errores
1989 823 2089 877 Cd.
2113 824 2215 890 G.;
2250 840 2375 877 cum
2399 841 2507 893 quo

512 894 532 944 i
569 910 626 946 so
647 894 704 945 in
744 892 985 962 pluribus
1007 895 1164 946 etiam
1206 912 1367 963 quam
1391 894 1439 947 E
1462 894 1631 948 facere
1654 894 1785 948 solet
1807 895 1894 961 133
1928 895 2029 948 nisi
2104 894 2211 948 uod
2232 895 2427 948 alicubi
2448 895 2505 946 in

515 911 774 1017 §emensi
803 965 1134 1034 reperiuntur
1153 966 1263 1018 inte
1325 965 1576 1018 clationes
1598 967 1665 1018 ab
1686 965 1897 1018 homine
1931 966 2060 1018 semi
2096 972 2212 1018 octo
2248 963 2507 1035 profectae,

517 1034 711 1103 quibus
731 1034 882 1086 liberi
905 1041 1031 1086 sunt
1052 1034 1122 1101 G,
1145 1034 1208 1088 E.
1315 1036 1444 1088 nitio
1467 1043 1645 1088 autem
1687 1035 2080 1088 Grammaticus
2100 1035 2293 1104 aliquis
2314 1035 2371 1086 in
2391 1052 2507 1104 per-

514 1103 736 1173 legendo
776 1103 907 1156 Cod.
933 1103 998 1156 Β.
1023 1113 1144 1158 ante
1165 1106 1345 1158 oculos
1366 1104 1555 1160 habuit
1593 1099 1842 1160 Codicem
1879 1105 2094 1159 alterius
2114 1104 2326 1158 familiae
2347 1105 2507 1174 cujus

514 1175 816 1227 varietatem
839 1191 1008 1243 quum
1029 1183 1236 1228 enotare
1251 1177 1508 1246 coepisset,
1528 1177 1596 1228 ab
1616 1193 1679 1229 ea
1700 1192 1856 1246 opera
1870 1175 2205 1246 exsequenda
2224 1176 2381 1228 nimis
2402 1176 2507 1228 cito

515 1243 790 1298 deterritus
812 1251 891 1298 est
905 1247 1078 1298 nescio
1102 1263 1208 1315 quo
1229 1245 1452 1300 fastidio.
1527 1245 1626 1300 Cd.
1653 1246 1969 1300 Basileensis
1989 1247 2056 1299 ab
2078 1247 2317 1315 imperito
2340 1245 2507 1298 scriba

515 1319 762 1368 exaratus
795 1314 1188 1370 incredibilibus
1223 1324 1384 1386 atque
1420 1316 1897 1370 innumerabilibus
1930 1317 2072 1370 vitiis
2106 1318 2307 1369 obsitus
2344 1323 2505 1385 atque

514 1386 884 1439 omissionibus
912 1383 1052 1440 foede
1092 1386 1417 1457 deturpatuS,
1454 1394 1634 1440 tamen
1657 1387 1799 1440 solus
1820 1387 2087 1440 interdum
2110 1395 2206 1440 aut
2226 1387 2245 1439 i
2282 1403 2395 1438 sam
2418 1403 2505 1438 ve-

514 1473 629 1508 ram
649 1456 926 1509 lectionem
946 1464 1042 1509 aut
1061 1457 1338 1510 manifesta
1359 1457 1403 1527 ej
1411 1475 1476 1510 us
1499 1457 1719 1527 vesfigia
1741 1458 1977 1523 servavit,
1999 1458 2092 1509 ubi
2104 1457 2163 1508 in
2185 1457 2231 1509 C
2271 1456 2321 1508 d.
2346 1456 2414 1522 B,
2438 1455 2505 1522 E,

515 1525 569 1579 G
593 1527 702 1578 sive
723 1527 898 1596 potius
919 1526 1202 1580 eorundem
1223 1527 1377 1580 arche
1469 1543 1501 1579 o
1524 1527 1606 1580 vel
1630 1544 1757 1580 casu
1778 1529 2050 1581 obliterata
2069 1527 2151 1579 vel
2176 1527 2413 1580 consulto
2436 1528 2504 1579 ab

512 1597 880 1666 interpolatore
917 1596 1205 1651 deformata
1223 1606 1316 1652 est.
1449 1597 1577 1667 ujus
1609 1598 1774 1668 igitur
1804 1615 1900 1668 ope
1921 1596 2066 1651 haud
2101 1614 2297 1668 paucos
2335 1599 2503 1667 poetae

511 1667 655 1720 locos
676 1683 821 1720 nunc
844 1665 1058 1719 demum
1079 1669 1137 1720 in
1157 1669 1422 1738 integrum
1443 1669 1709 1721 restitutos
1730 1667 1944 1722 videbis,

583 1736 622 1789 J
624 1754 711 1790 am
735 1751 904 1806 quum
924 1738 1166 1791 librarius
1199 1739 1466 1808 archetypi
1504 1738 1667 1804 illius,
1689 1755 1718 1791 e
1741 1755 1849 1808 quo
1886 1738 2159 1792 fluxerunt
2180 1744 2233 1790 et
2271 1737 2503 1790 Freiber-

515 1808 1441 1932 {5332313113‘2333321252233023
1447 1809 2139 1948 uiiffiessfiffiaffiussatssd
2146 1809 2506 1930 Ρέιῗῗιιῖἒῖηξέ

516 1917 850 2013 Basileensi’s,
871 1947 1012 2001 vitiis
1032 1949 1298 2003 interdum
1320 1949 1519 2002 mederi
1540 1956 1777 2016 conatuS,
1816 1919 2129 2020 plerumque
2162 1957 2225 2002 tu
2316 1965 2372 2000 m
2395 1965 2505 2001 sese

513 2017 660 2072 dedit
673 2035 728 2070 m
800 2019 950 2086 'sque
967 2020 1127 2072 etiam
1145 2021 1391 2090 corrupit,
1400 2036 1563 2088 quam
1579 2019 1878 2072 emendavit
1898 2020 2160 2088 scriptoris
2170 2036 2259 2071 ver
2293 2036 2348 2072 a:
2372 2018 2503 2071 adeo

505 2095 570 2212 :lt
591 2088 646 2140 hi
668 2035 894 2212 0351}
916 2088 979 2155 P,
1002 2091 1239 2143 omnium
1261 2106 1367 2142 non
1389 2090 1563 2143 solum
1583 2091 1814 2142 maxime
1844 2090 2038 2156 mutili,
2062 2089 2153 2142 sed
2174 2090 2333 2142 etiam
2353 2106 2499 2142 men-

543 2175 765 2211 osrssiml
787 2175 869 2210 sm
895 2198 908 2212 .

575 2228 709 2281 Jure
730 2229 896 2298 igitur
915 2246 1031 2282 meo
1054 2229 1186 2282 duas
1209 2235 1382 2283 statuo
1405 2229 1541 2284 Cdd.
1563 2227 1807 2297 familias,
1828 2230 2048 2283 alteram
2085 2229 2258 2296 ΒΕΘ,
2281 2229 2500 2283 alteram

506 2298 695 2365 AFP.;
730 2301 870 2370 prior
891 2300 948 2352 in
969 2301 1150 2370 primis
1172 2299 1440 2369 sequenda
1461 2307 1542 2352 est
1572 2300 1786 2367 critico,
1810 2299 1917 2366 sed,
1940 2302 2033 2353 ubi
2054 2301 2111 2352 in
2135 2299 2288 2370 pejus
2312 2300 2501 2353 deflec-

505 2369 574 2422 tit
595 2386 658 2422 ac
693 2369 857 2422 velufi
890 2370 1186 2439 degenerat,
1225 2369 1531 2440 corrigenda
1552 2387 1620 2422 ex
1655 2371 1718 2422 A.
1742 2378 1796 2425 et
1833 2371 2122 2439 aliquando
2145 2388 2173 2423 e
2212 2370 2501 2435 Puteane0‚

505 2456 651 2492 nunc
674 2439 805 2493 Cod.
830 2438 1002 2510 Regio
1024 2439 1096 2492 N.
1135 2443 1289 2493 7886.
1312 2440 1493 2494 itidem
1534 2441 1646 2494 Sec.
1686 2440 1790 2493 IX.
1812 2481 1827 2506 ‚
1850 2443 1944 2509 qui
1985 2440 2276 2494 Basileensi
2298 2441 2500 2492 similli-

505 2526 628 2562 mus
666 2526 777 2562 esse
814 2509 982 2576 debet,
1019 2513 1181 2564 immo
1201 2511 1259 2562 in
1293 2511 1476 2564 multis
1516 2510 1673 2563 efiam
1711 2511 1910 2576 melior,
1950 2512 2030 2564 un'
2052 2511 2305 2580 conjicere
2325 2511 2451 2563 licet
2472 2528 2502 2564 e

505 2581 812 2650 Fragmenti
851 2579 1125 2650 Prognost.
1159 2581 1240 2634 11.
1282 2581 1517 2633 versibus
1562 2585 1749 2633 1—50.
1822 2581 1963 2634 Mihi
1984 2581 2100 2650 ejus
2122 2598 2253 2634 usus
2274 2589 2501 2650 negatus

505 2656 630 2704 erat.
706 2649 775 2702 In
811 2649 907 2702 FP
929 2668 1216 2720 eorumque
1238 2651 1498 2704 similibus
1519 2651 1650 2703 nihil
1672 2650 1778 2704 fere
1799 2659 1879 2704 est
1899 2650 2141 2721 praesidii.

577 2719 848 2774 Editiones
881 2729 1060 2775 autem
1081 2729 1204 2775 ante
1245 2721 1554 2774 Grotianam
1576 2737 1757 2774 omnes
1778 2739 1807 2774 e
1841 2723 2085 2792 princepe
2123 2720 2352 2791 repetitae
2374 2729 2502 2774 sunt

503 2791 616 2844 sine
658 2791 772 2844 ullo
815 2791 1178 2862 supplemento
1217 2809 1246 2845 e
1286 2790 1422 2844 Cdd.
1461 2790 1668 2858 hausto,
1713 2793 1813 2844 nisi
1856 2791 1999 2861 quod
2036 2809 2179 2844 unus
2212 2791 2503 2844 versiculus

505 2859 966 2930 Prognosticorum
1011 2863 1056 2915 F
1209 2901 1222 2914 .
1268 2862 1348 2915 ΙΙ.
1394 2881 1443 2915 ν.
1493 2866 1610 2919 110.
1658 2879 1695 2915 a
1736 2862 1929 2916 Pisano
1972 2864 2213 2927 omissuS‚
2252 2878 2287 2914 a
2325 2862 2501 2914 nescio

505 2947 612 2999 quo
651 2930 847 2985 editore
871 2932 984 2986 Sec.
1007 2932 1116 2985 XV
1152 2973 1164 2984 .
1202 2949 1232 2986 e
1254 2931 1432 2986 codice
1454 2933 1634 3002 aliquo
1658 2932 2058 3002 Freibergensis,
2091 2933 2148 2985 in
2184 2948 2291 3001 quo
2314 2939 2502 2997 exstat,

502 3001 662 3053 simili
701 3009 782 3056 est
818 3003 1059 3055 insertus.
1130 3002 1247 3056 Nec
1293 3003 1604 3072 quidquam,
1644 3003 1788 3072 quod
1808 3019 1975 3073 operae
1997 3003 2225 3073 pretium
2254 3003 2337 3068 sit,
2358 3002 2416 3053 in
2438 3002 2503 3054 iis

501 3071 839 3124 emendatum
877 3080 972 3138 est,
1007 3089 1178 3142 pauca
1214 3073 1311 3125 illa
1333 3074 1376 3125 si
1411 3073 1691 3144 exceperiS‚
1728 3091 1848 3142 quae
1889 3072 2147 3126 Morelius
2180 3089 2277 3126 nec
2300 3089 2503 3141 semper

501 3159 742 3212 prospero
761 3159 1006 3196 successu
1025 3145 1250 3197 novavit.
1303 3144 1633 3197 Immortalia
1654 3160 1773 3196 vero
1791 3151 1919 3196 sunt
1938 3142 2125 3196 merita
2143 3141 2314 3196 Grotii
2331 3159 2502 3211 quum

501 3220 709 3282 propter
731 3213 1096 3296 supplementa
1116 3231 1146 3267 e
1168 3214 1268 3267 Cd.
1307 3214 1375 3266 G.
1398 3215 1577 3296 ascita,
1612 3220 1730 3296 tum
1752 3220 1961 3295 propter
1982 3213 2369 3266 emendationes
2390 3212 2501 3294 ple-

500 3283 2177 3428 Ἠὲἅῖὲῗΐὲἓαᾚἓέῗὲἓῖῗιῖῗὲἓὲἒοῗὲἓὲἓὲἓὲζῗὲἓ
2212 3282 2503 3422 „iiim

500 3421 699 3475 effutiit
736 3422 974 3475 Adverss.
994 3424 1110 3477 Lib.
1151 3424 1387 3478 XLVII.
1413 3442 1457 3477 c.
1499 3428 1585 3477 18.
1616 3442 1666 3494 p.
1690 3429 1845 3476 2222.
1864 3445 1877 3476 ε
1916 3426 1947 3452 ‘⁴
1964 3423 2001 3476 J
2003 3423 2227 3493 osephus
2269 3423 2502 3492 Scaliger

501 3493 614 3544 sine
655 3492 770 3545 ulla
805 3495 1152 3548 controversia
1189 3502 1373 3548 auctor
1408 3502 1486 3548 est
1507 3503 1752 3548 notarum
1776 3494 2199 3548 Grotianarum.”
2272 3493 2388 3546 Nec
2412 3492 2501 3546 de-

498 3560 830 3616 fraudandus
844 3563 997 3632 justa
1016 3565 1175 3619 laude
1199 3565 1571 3631 Schwartzius‚
1596 3565 1690 3635 qui
1711 3565 1807 3618 etsi
1829 3564 2089 3618 nonnulla
2110 3563 2364 3616 audacius
2387 3569 2501 3616 ten-

499 3632 648 3698 tavit,
669 3632 811 3686 locos
831 3641 1011 3688 tamen
1051 3635 1256 3704 aliquot
1313 3637 1496 3688 essime
1520 3635 1735 3688 affectos
1774 3637 1992 3689 sanavit.
2064 3635 2149 3688 De
2172 3633 2370 3686 Buhlio
2392 3649 2500 3685 non

499 3709 580 3756 est
619 3703 764 3771 quod
783 3704 1080 3774 loquamur.
1152 3705 1282 3758 Nihi
1326 3705 1475 3758 aliud
1504 3707 1645 3759 enim
1668 3707 1926 3776 praestitit,
1965 3722 2128 3774 quam
2150 3712 2215 3757 ut
2233 3703 2501 3758 interdum

500 3772 626 3895 sagils
650 3791 883 3880 pervegse
921 3774 1093 3828 Grotii
1129 3776 1491 3829 annotationes
1532 3783 1629 3829 aut
1661 3783 1911 3846 repeteret
1932 3783 2030 3829 aut
2048 3776 2106 3828 in
2128 3773 2500 3844 compendium

500 3859 554 3895 re
595 3844 606 3855 ”
649 3851 757 3898 eret
854 3885 865 3897 .

568 3861 762 3968 Tgibus
776 3844 882 3984 (ego
903 3924 1153 3986 praeterea
1189 3915 1436 3970 subsidiis
1458 3917 1622 3983 carui,
1659 3915 1977 3984 editionibus
2018 3916 2083 3968 C.
2120 3915 2183 3968 F.
2226 3913 2500 3981 Schmidii,

496 4081 506 4090 .
547 4032 828 4093 “blotan-dum
843 4038 906 4074 est
917 4046 957 4085 g.
973 4035 1202 4086 significare
1232 4035 1367 4074 Grou'i
1392 4037 1631 4092 contutum,
1648 4037 1689 4074 b.
1706 4034 1861 4093 ‘Buhlii
1879 4037 2106 4074 contextum
2118 4047 2135 4081 ;
2157 4045 2335 4082 persepe
2349 4033 2503 4094 scilicet

487 4087 696 4131 Judlolum
715 4096 761 4123 m
777 4086 986 4124 Annotatt.
1037 4085 1180 4126 Buhlii
1201 4085 1408 4134 prolatum
1424 4085 1559 4124 differt
1574 4087 1624 4124 ab
1640 4085 1770 4133 ipsius
1787 4089 1999 4124 contextu:
2029 4096 2063 4123 s.
2078 4089 2142 4124 est
2157 4085 2445 4124 Schwartzms.
