2992 4842
1127 598 1196 633 Al>
1222 597 1635 633 Erinnauuars.
2304 598 2391 631 XCV

413 742 550 791 paeus
573 726 634 774 ad
654 724 857 775 Antbol.
880 724 967 775 Gr.
999 738 1110 788 pag.
1132 724 1211 777 47.
1281 725 1557 788 Utrumque
1594 723 1811 773 numeris
1850 724 1965 782 suis,
2002 723 2053 772 id
2086 728 2161 771 est
2200 722 2393 785 elegan-

415 792 633 850 tissimis,
674 792 848 840 Latine
869 790 1013 840 vertit
1034 791 1183 853 Hugo
1209 790 1441 839 Grotius:
1475 791 1617 853 eujus
1653 790 2067 853 interpretationes
2108 789 2394 836 Graecorum

415 857 838 921 Epigrammatum
861 871 919 903 eo
941 856 1172 904 libentius
1205 871 1317 903 cum
1358 856 1615 903 Musarum
1657 855 1882 903 studiosis
1922 853 2243 911 communico,
2279 854 2397 915 quia

412 922 512 969 illis
535 921 711 969 eximio
733 922 826 969 hoe
849 920 953 968 Viri
988 920 1276 968 immortalis
1311 922 1535 968 thesauro
1573 920 1789 967 nondum
1825 919 1956 967 beari
1992 919 2224 980 contigit:
2260 918 2393 965 Pm-

413 1001 578 1034 1.11·1²1.
618 986 784 1033 Thrax
815 1002 937 1048 puer
969 986 1194 1033 adstricto
1226 985 1380 1048 glacie
1412 986 1525 1033 dum
1561 986 1681 1033 lud-it
1716 988 1769 1033 in
1804 984 1978 1044 Hebro,
2015 984 2215 1046 Eripuit
2246 984 2396 1030 vitam

413 1066 538 1099 mors
570 1054 764 1113 inopina
799 1051 996 1099 brevem.
1065 1050 1196 1097 Nam
1213 1052 1448 1097 minuente
1465 1048 1575 1113 yelu
1596 1066 1701 1097 cum
1712 1049 1917 1112 pondere
1938 1053 2170 1112 rumperet
2192 1062 2395 1105 amnem,

414 1114 629 1163 Abscidit
660 1117 831 1175 infelix
867 1115 1050 1163 lubrica
1084 1122 1202 1163 testa
1234 1122 1392 1177 caput.
1461 1114 1629 1163 Cetera
1662 1118 1733 1162 vis
1754 1116 1902 1176 fluvii
1920 1117 2097 1177 rapuit,
2120 1119 2397 1175 servataque

414 1186 600 1228 tantum
632 1180 845 1230 Funereo
877 1186 1030 1227 mater
1058 1184 1266 1243 repperit
1301 1196 1386 1228 ora
1419 1194 1548 1242 royo.
1614 1179 1725 1227 Heu
1754 1182 1929 1227 misem
1958 1185 2153 1242 partum
2172 1177 2399 1225 diviserat

412 1249 537 1307 iguis
557 1252 604 1293 et
623 1246 765 1304 unda,
804 1245 900 1302 Qui
935 1248 1146 1293 neutrius
1179 1251 1297 1303 erat,
1331 1248 1400 1293 sic
1427 1247 1669 1307 utriusque
1689 1245 1811 1304 finit.
1875 1244 2093 1293 Fnsccr.
2127 1242 2261 1289 Dum
2273 1258 2399 1304 puer

413 1310 640 1359 adso-icto
659 1313 812 1372 ylacie
831 1312 1018 1358 lascivit
1037 1313 1089 1359 in
1113 1310 1288 1367 Hebro,
1331 1309 1478 1358 Cessit
1516 1309 1582 1355 ad
1616 1313 1842 1357 instantes
1862 1308 2053 1371 fiiyida
2090 1314 2209 1357 testa
2238 1307 2399 1369 pedes.

415 1375 583 1437 mopsi
620 1379 830 1422 tenerum
867 1381 1010 1437 caput
1027 1390 1060 1421 a
1079 1378 1254 1423 cervice
1286 1377 1470 1433 recidit,
1510 1373 1640 1422 Pars
1672 1376 1728 1422 de
1766 1377 1977 1422 Bistonio
1996 1375 2201 1436 flumine
2238 1374 2397 1419 vincta

409 1442 536 1503 yelu.
601 1440 666 1487 In
697 1456 827 1488 mare
850 1441 958 1499 sert
997 1446 1212 1488 truncum
1237 1441 1386 1500 fluvii
1422 1440 1646 1487 viokntia
1661 1457 1677 1487 .·
1707 1445 1859 1487 mater
1876 1439 1979 1496 Nil,
2020 1440 2170 1501 capite
2190 1442 2395 1499 excepto,

414 1505 541 1568 quod
561 1506 830 1565 tumularet,
853 1504 1008 1552 habet.
1075 1503 1146 1551 Et
1160 1508 1370 1567 yraviter
1388 1506 1564 1567 luyens,
1571 1506 1661 1567 fili
1672 1506 1925 1563 carissime,
1952 1505 2093 1563 dixit,
2116 1502 2224 1549 Hoc
2243 1504 2365 1563 tynis
2376 1517 2395 1559 ‚⁰

415 1570 548 1632 quod
578 1569 721 1629 abest,
746 1570 858 1633 jam
876 1570 1090 1631 sepelivit
1117 1585 1258 1632 aqua.
1326 1570 1557 1617 Ceterum
1580 1570 1638 1616 de
1659 1569 1942 1632 antiquitate
1964 1568 2111 1630 hujus
2132 1566 2392 1629 Epigram-

413 1633 560 1681 matis
595 1634 742 1681 etiam
779 1634 995 1681 dubitare
1029 1634 1218 1682 videtur
1240 1634 1344 1682 Cel.
1368 1634 1687 1692 D’Orvillius,
1727 1634 1779 1681 in
1803 1633 2013 1682 Miscell.
2040 1633 2240 1679 Observ.
2266 1630 2317 1678 N
2318 1644 2394 1677 ov.

416 1699 528 1747 Vol.
555 1698 598 1747 Ι.
620 1700 760 1747 Tom.
788 1698 890 1746 111.
910 1714 1020 1761 pag.
1045 1700 1154 1757 151,
1189 1706 1238 1747 et
1261 1700 1474 1757 Bonada,
1496 1699 1606 1747 Vol.
1632 1698 1707 1746 ΙΙ.
1729 1715 1777 1762 p.
1802 1699 1911 1747 264.
1981 1698 2075 1745 Sed
2097 1697 2211 1760 quia
2230 1703 2394 1743 tamen

415 1764 596 1826 legitur
626 1764 678 1811 in
717 1764 868 1811 Codd.
909 1764 1054 1812 MSS.
1097 1765 1180 1826 qui
1215 1765 1336 1812 forte
1375 1766 1660 1812 vetustiores
1696 1771 1809 1811 sunt
1846 1763 1930 1811 illo
1968 1770 2198 1825 tempore,
2237 1775 2334 1824 quo
2366 1774 2397 1807 a

414 1829 680 1877 recentiore
718 1832 860 1891 poeta
892 1837 1003 1892 post
1037 1830 1310 1877 Petrarchae
1347 1836 1565 1891 tempora
1584 1830 1635 1876 hi
1658 1844 1825 1877 versus
1858 1829 2395 1891 componi·potuerunt,

416 1894 544 1941 inter
579 1894 778 1955 antiqua
810 1893 972 1942 locum
1010 1908 1156 1942 suum
1188 1894 1328 1943 facile
1363 1894 1489 1941 tueri
1523 1901 1741 1957 possunt,
1784 1894 1960 1957 quibus
2002 1892 2150 1941 etiam
2190 1889 2397 1939 inseruit

417 1959 658 2007 Labbaeus
683 1959 827 2007 Thes.
851 1959 984 2021 Epit.
1006 1966 1098 2006 vet.
1132 1958 1190 2008 P.
1217 1960 1258 2006 Ι.
1292 1975 1340 2022 p.
1362 1958 1732 2009 ’13,-301131.

485 2025 530 2072 1.
565 2022 630 2071 In
660 2022 842 2085 Hebro]
880 2024 1076 2071 Hebrus
1115 2030 1189 2072 est
1223 2024 1407 2071 flumen
1443 2024 1716 2071 maximum
1750 2022 1983 2081 Thraciae,
2019 2020 2077 2069 de
2110 2034 2207 2083 quo
2241 2018 2399 2067 multa

417 2088 618 2150 collegit
638 2087 876 2136 Cellarius
901 2089 1078 2151 Geogr.
1101 2088 1268 2151 Autiq.
1291 2090 1433 2137 notit.
1468 2089 1578 2137 libr.
1604 2088 1677 2136 II.
1714 2104 1758 2137 ο.
1787 2090 1861 2147 15,
1898 2102 2009 2151 pag.
2038 2083 2399 2133 1301.—ScH.

552 2154 685 2201 Dum
719 2154 896 2201 luderet
936 2152 1123 2216 Hebro]
1161 2153 1293 2201 Dum
1329 2154 1449 2202 ludit
1479 2157 1533 2201 in
1570 2153 1733 2202 Hebro
1751 2153 1803 2201 in
1822 2168 1869 2201 v.
1896 2168 1936 2201 c.
1961 2151 2094 2200 Med.
2116 2156 2167 2198 et
2187 2148 2399 2206 Moroni,

417 2226 476 2265 ut
497 2218 546 2265 in
573 2219 830 2277 Abstemii,
867 2225 916 2266 et
947 2224 1152 2281 utraque
1188 2218 1303 2266 Aldi
1341 2218 1568 2267 editione.
1606 2225 1657 2267 et
1676 2219 1746 2267 sic
1768 2218 1897 2282 apud
1929 2216 2194 2265 Bartholin.
2220 2213 2401 2275 Scalig.

418 2282 650 2345 aliosque.
693 2286 889 2331 astrt'eta
927 2284 1074 2345 ylatie
1115 2283 1242 2331 male
1287 2284 1415 2346 apud
1464 2284 1700 2341 Gudium,
1750 2291 1799 2331 et
1844 2282 2110 2331 Bonadam.
2152 2282 2403 2328 adstrictus

417 2347 616 2395 Hebrus
637 2347 895 2410 eleganter,
927 2354 984 2395 ut
1003 2348 1132 2411 apud
1164 2348 1436 2406 Lucanum,
1476 2348 1588 2397 Lib.
1611 2348 1658 2397 Ι.
1689 2364 1734 2397 v.
1760 2350 1847 2397 18:
1883 2346 2146 2408 Adstringit
2179 2344 2399 2408 Scythico

413 2413 856 2475 ylacialemfaeiqore
870 2417 1085 2475 pontum.
1153 2413 1292 2461 Ovid.
1317 2413 1419 2461 ΙΙΙ.
1441 2415 1586 2463 Trist.
1609 2416 1656 2472 4,
1677 2416 1771 2462 48:
1806 2414 2026 2461 adstricto
2050 2417 2177 2459 ter-ra
2208 2413 2403 2473 perusta
2443 2428 2453 2435 ·

415 2478 544 2539 qelw.
610 2478 722 2524 Vid.
744 2478 915 2525 Heius.
939 2477 998 2524 ad
1025 2478 1276 2527 Claudian.
1301 2478 1372 2527 II.
1398 2480 1457 2527 de
1482 2479 1546 2527 R.
1571 2480 1629 2527 P.
1654 2479 1791 2542 praef.
1812 2495 1858 2527 v.
1884 2480 1943 2526 18
1964 2496 1976 2526 z
2014 2476 2229 2525 Hebrum
2250 2474 2405 2521 nivali

419 2544 634 2604 compede
653 2544 860 2590 vinctum
881 2550 1018 2590 vocat
1042 2543 1210 2590 Horat.
1236 2543 1347 2591 Lib.
1371 2543 1412 2591 Ι.
1438 2544 1598 2606 Epist.
1623 2545 1670 2601 3,
1694 2546 1741 2602 3,
1763 2550 1813 2591 et
1834 2543 1984 2591 Hebri
1999 2541 2233 2606 perfidum
2252 2538 2405 2603 glacie

406 2608 594 2667 flumen
618 2608 790 2655 Florus
816 2608 920 2655 Lib.
949 2606 1048 2654 ΙΙΙ.
1073 2610 1118 2666 4,
1142 2609 1166 2667 ς
1190 2610 1235 2655 5.
1303 2608 1382 2656 Sic
1419 2608 1587 2657 humus
1617 2610 1728 2671 θεῖοι
1762 2608 1989 2657 adstricta
2020 2614 2151 2655 recte
2186 2606 2245 2653 ab
2281 2603 2401 2651 Aci-

423 2672 551 2719 dalio
571 2672 794 2719 restituta
813 2679 887 2719 est
908 2672 1093 2731 Curtio,
1130 2673 1241 2721 Lib.
1267 2672 1322 2719 11
1329 2672 1372 2721 Ι.
1401 2675 1476 2732 13,
1503 2674 1548 2731 7,
1584 2682 1640 2721 ut
1659 2674 1767 2722 Lib.
1791 2672 1946 2721 VIII.
1967 2674 2014 2728 4,
2037 2671 2084 2728 7,
2118 2682 2405 2733 quamquam

420 2736 617 2784 imbrem
649 2740 720 2784 vis
736 2738 941 2799 sriyoris
973 2743 1179 2785 concreto
1207 2736 1318 2800 yelu
1337 2738 1640 2786 adstrixerat.
1706 2737 1838 2785 Hinc
1859 2737 1988 2800 apud
2007 2736 2237 2784 Prudeut.
2264 2731 2403 2795 praef.

421 2801 531 2849 Lib.
560 2801 603 2848 Ι.
624 2802 806 2851 advers.
830 2802 1110 2864 Symmach.
1135 2818 1182 2850 v.
1210 2804 1284 2858 14,
1307 2802 1599 2865 legendum:
1633 2801 1939 2866 Exponitque
1960 2802 2059 2849 solo
2079 2801 2231 2848 litoris
2250 2797 2403 2845 invidi

432 2866 722 2914 Constrictus
766 2867 933 2930 pluvio
975 2866 1167 2929 sriyore
1207 2870 1417 2931 remiyes.
1496 2869 1591 2916 Pro
1650 2867 1938 2929 Contractos,
1988 2874 2045 2914 ut
2083 2866 2136 2912 in
2174 2862 2403 2925 vulgatis.

425 2930 573 2981 Quod
596 2938 646 2979 et
666 2931 720 2979 in
738 2946 848 2979 meo
869 2932 1204 2993 antiquissimo
1230 2933 1349 2982 Cod.
1371 2933 1693 2995 Egmondano
1727 2932 1919 2994 legitur.
1986 2930 2131 2979 Unde
2164 2933 2405 2977 contactos

430 2995 682 3043 Heinsius.
771 2996 866 3045 Sed
906 2996 1128 3045 homiues
1171 3012 1309 3059 aeque
1353 2998 1529 3060 frigore
1572 3000 1825 3059 constr-inqu·
1868 2998 2110 3052 dicuntur,
2157 3010 2214 3042 ae
2256 2999 2401 3048 terra,

423 3059 606 3119 humus,
641 3062 806 3124 fluvii.
853 3061 1007 3124 glaeie
1048 3066 1443 3125 constrinyuntur.
1512 3062 1726 3122 curtius,
1773 3062 1881 3111 Lib.
1920 3060 2043 3109 VII.
2085 3074 2190 3121 cap.
2225 3059 2273 3117 3,
2308 3058 2401 3104 13:

425 3126 615 3173 Multos
635 3129 922 3174 exanimavit
940 3129 1070 3188 riyor
1090 3128 1308 3175 insolitus
1325 3131 1464 3177 nivis.
1538 3127 1800 3177 Multorum
1836 3127 2016 3175 adussit
2041 3126 2198 3188 pedes.
2264 3121 2404 3170 Fati·

421 3193 527 3253 qati
547 3194 717 3253 quippe
736 3194 910 3252 inipso
933 3193 1044 3253 yelu
1065 3192 1332 3254 deficientia
1364 3208 1565 3255 corpora
1596 3191 1872 3252 sternebant,
1913 3206 2015 3255 que
2048 3204 2195 3253 quum
2230 3184 2407 3235 moveri

419 3256 661 3316 aestuent,
697 3260 769 3304 vis
788 3257 992 3317 sriqonis
1014 3260 1084 3304 ita
1107 3258 1434 3319 adstrinqebat,
1470 3264 1527 3306 ut
1544 3272 1707 3306 rursus
1724 3257 1789 3304 ad
1807 3256 2087 3319 sumendum
2108 3254 2285 3301 conniti
2306 3266 2404 3299 non

415 3324 619 3383 possent.
688 3320 829 3370 Ovid.
853 3321 1015 3384 Epist.
1034 3335 1115 3369 κν.
1142 3324 1259 3370 112:
1296 3323 1587 3371 Adstrictum
1603 3322 1955 3385 qelidofiiqore
1969 3326 2131 3383 pectus
2153 3323 2272 3367 erat.
2338 3315 2401 3363 Id

426 3391 516 3442 est,
539 3384 810 3449 παγνώθη.
876 3386 1008 3433 Nam
1029 3387 1199 3435 eodem
1217 3386 1362 3435 modo
1387 3388 1549 3435 Graeei
1574 3388 1666 3435 hoe
1685 3388 1830 3435 verbo
1848 3394 2066 3434 utuntur.
2134 3383 2206 3432 Ut
2228 3380 2403 3443 Eurip-

425 3449 628 3515 Hippol.
670 3452 794 3498 803:
845 3448 1000 3515 Λύπῃ
1043 3450 1391 3516 παγνωθεῖσα.
1422 3452 1581 3501 dolore
1601 3452 1843 3501 adstricta.
1909 3449 2200 3514 Apollonius
2237 3446 2401 3495 Rhod.

428 3513 518 3562 IV.
567 3515 720 3566 1279=
771 3514 829 3564 ἓν
861 3512 1010 3580 δ’ἅρα
1053 3519 1184 3566 πᾶσι
1223 3515 1481 3583 Παγνώθη
1521 3513 1718 3581 κραδίη.
1804 3516 1904 3564 Ubi
1944 3516 2042 3564 vid.
2082 3513 2403 3563 Scholiast—

427 3578 932 3629 BURM.-—-1.udit
949 3584 1002 3629 in
1023 3581 1210 3645 Hebro]
1247 3582 1356 3630 MS.
1379 3584 1559 3632 luderet
1590 3582 1749 3630 Hebro
1766 3578 2272 3643 vulgo.—MEYER.

492 3646 537 3692 2.
571 3644 774 3708 Friyore
808 3653 1046 3696 concretas
1076 3648 1283 3712 pondere
1317 3651 1448 3711 rupit
1483 3645 1657 3711 aquas]
1710 3648 1923 3695 Pondere
1954 3650 2191 3694 concretas
2214 3642 2403 3703 ffiyore

427 3707 580 3757 edidit
618 3709 792 3759 Aldus.
856 3709 1056 3774 Friyore
1085 3717 1310 3776 frenatas
1357 3713 1562 3761 Binetus
1601 3718 1651 3760 et
1693 3711 1946 3759 Freherus.
2012 3710 2167 3771 quue
2208 3707 2404 3769 praefert

429 3773 587 3822 Cerdo
607 3774 669 3821 ad
692 3776 830 3839 Virg.
855 3776 902 3825 d.
924 3776 957 3823 1.
983 3778 1069 3826 sed
1087 3778 1228 3827 male.
1296 3778 1374 3825 Ita
1409 3778 1542 3825 enim
1578 3776 1705 3839 apud
1743 3776 1883 3824 Ovid.
1907 3774 2013 3823 ΙΙΙ.
2046 3774 2191 3821 Trist.
2218 3774 2296 3829 10,
2320 3772 2401 3827 32,

429 3853 578 3900 quem
617 3840 782 3887 locum
818 3849 986 3889 auctor
1024 3843 1172 3907 hujus
1216 3841 1594 3906 Epigrammatis
1632 3842 1849 3889 imitatus
1891 3847 1994 3888 est:
2045 3837 2242 3901 Quaque
2276 3840 2403 3884 ναίω

426 3904 596 3962 ierant,
628 3905 826 3967 pedibus
860 3922 984 3954 nunc
1018 3909 1130 3968 itur,
1165 3913 1212 3955 et
1230 3908 1383 3955 undas
1417 3906 1616 3970 Fm‘yore
1636 3912 1874 3954 concretas
1892 3904 2070 3967 unyula
2092 3902 2255 3966 pulsat
2274 3903 2400 3964 equi.

432 3967 514 4015 Sic
548 3969 600 4015 in
637 3969 1000 4033 Epigrammate
1033 3974 1092 4021 ad
1133 3972 1334 4029 Julian,
1372 3972 1503 4035 quod
1542 3970 1668 4019 edidi
1705 3971 1843 4018 Tom.
1876 3969 1919 4018 Ι.
1966 3985 2014 4032 p.
2047 3968 2170 4016 650:
2202 3966 2402 4029 Fnyore

427 4040 642 4081 concreta
661 4038 703 4082 si
724 4037 838 4085 latet
859 4040 981 4098 iynis
1000 4053 1142 4101 aqua.
1212 4038 1274 4085 In
1296 4038 1464 4100 Epigr.
1486 4036 1777 4084 Maximiani
1797 4035 1855 4082 de
1876 4049 2018 4081 amne
2042 4033 2196 4095 glacie
2216 4031 2401 4089 durato,

429 4098 556 4161 apud
578 4099 844 4160 Pithoeum,
870 4102 982 4153 Lib.
1005 4102 1094 4153 IV.
1133 4119 1182 4167 p.
1210 4104 1328 4151 164:
1370 4102 1438 4151 Ut
1454 4107 1668 4151 concreta
1682 4102 1793 4164 yelu
1811 4100 2059 4148 marmoris
2077 4100 2231 4201 ᾰηειξν
2248 4096 2400 4147 babet.
