2992 4842
1177 586 1244 621 DE
1269 586 1620 622 seno-maswa-
2325 589 2421 623 CXV

419 701 591 750 eodem
626 703 751 761 loco,
789 703 873 766 qui
907 708 1102 766 propter
1134 702 1343 752 Vulcani
1366 718 1582 751 amorem
1604 702 1959 769 Hephoestiuu
1992 716 2091 765 quo
2110 710 2424 765 persecutum

417 767 713 826 Vulcanum,
749 767 926 829 ferunt,
959 768 1164 831 coepisse
1185 769 1231 816 ei
1265 770 1366 817 vim
1399 769 1569 817 afferre
1606 776 1654 817 et
1686 784 1801 817 cum
1836 768 2012 832 plenus
2049 768 2327 831 cupiditatis
2360 768 2425 816 ad

417 848 528 880 eam
550 840 606 881 ut
626 833 900 896 complexui
921 849 974 881 se
991 833 1253 896 applicaret
1271 834 1492 892 serretur,
1514 834 1757 897 repulsus,
1778 833 1951 882 effudit
1971 832 2028 881 in
2047 842 2225 881 terram
2246 834 2421 897 volup-

417 900 618 945 tatem.”
688 898 811 947 Haec
843 899 1009 947 omnia
1035 914 1097 946 ex
1130 898 1453 948 Eratosthene
1485 907 1601 947 sunt
1623 900 1798 948 Latine
1820 898 2022 947 reddita.
2091 895 2241 963 Λέγει
2264 895 2317 946 δὲ
2338 898 2427 947 καὶ

419 960 705 1027 Εὐριπίδης
727 962 842 1027 περὶ
879 964 976 1022 τῆς
1046 963 1255 1021 ενέσεως
1296 964 1458 1013 αὐτοῦ
1503 963 1599 1013 τὸν
1645 962 1845 1029 τρόπον
1889 962 2098 1025 τοῦτον,
2127 960 2424 1029 Ἥφαιστον

417 1026 703 1092 ἐρασθέντα
736 1027 966 1085 Ἀθηνᾶς
1045 1026 1288 1078 οὐλεσθαι
1324 1029 1460 1094 αὐτῇ
1495 1030 1717 1094 μιγῆναι
1739 1045 1752 1057 ·
1775 1031 1872 1089 τῆς
1895 1026 1947 1076 δὲ
1972 1026 2427 1095 ἀποστρεφομένης

418 1094 506 1176 aa}
544 1095 646 1153 τήν
685 1091 975 1175 παρθενίαν
1009 1094 1238 1177 μᾶλλον,
1257 1090 1580 1177 αἱρουμένης,
1627 1095 1685 1144 ἔν
1720 1112 1824 1145 τινι
1866 1090 2015 1175 τόπῳ
2050 1097 2148 1175 τῇς
2184 1096 2429 1154 Ἀττικῆς

417 1158 838 1283 ἔξᾯέἑῖἶαὲἕέἴ
848 1158 1541 1288 ἒίἔὲξῖἑῶῖᾏῗῖξηῧῖἵῖἕές
1562 1158 2431 1293 ἶίἶζῖἶὲρῗὲηέἶέἥςῗΐέᾝὲἷ,

417 1289 586 1355 α’φῆεε
616 1290 718 1349 τήν
741 1288 1036 1353 ἐπιθυμίαν,
1061 1288 1340 1353 φερομένης
1373 1288 1443 1347 εἰς
1475 1291 1579 1349 τὴν
1601 1294 1707 1357 γῆν
1730 1296 1827 1353 τῆς
1862 1295 2077 1359 σπορᾶς.
2144 1291 2267 1340 Inde
2288 1291 2427 1339 nullo

417 1357 670 1405 molimine
690 1356 798 1418 ipsa
818 1354 1069 1417 Euripidis
1089 1356 1236 1403 verba
1257 1356 1360 1403 erui
1381 1366 1601 1418 possunt.

742 1417 902 1483 Ἐρᾶν
923 1416 1150 1477 Ἀθάνας
1168 1419 1325 1484 φασὶν
1340 1418 1408 1469 “H
1447 1436 1631 1470 αιστον
1654 1420 1825 1471 θέλειν
1846 1426 1892 1472 τ’

743 1483 880 1548 αὐτῇ
904 1484 1124 1548 μιγῆναι
1139 1500 1152 1512 ·
1171 1482 1272 1543 τήν
1296 1483 1347 1533 δὲ
1370 1483 1403 1530 λ
1430 1485 1540 1549 ucrp'
1564 1486 1882 1552 ἡρνημένην,

744 1547 778 1606 ἣ
805 1548 1118 1613 παρθένειαν
1141 1550 1351 1615 μᾶλλον
1373 1549 1444 1608 ἦν
1465 1549 1761 1617 αἱρουμένη,

743 1614 924 1678 φυγεῖν
947 1611 1209 1678 Ἀφάννας
1229 1614 1281 1671 ἔς
1303 1632 1357 1665 τε
1381 1617 1480 1681 γῆς
1502 1615 1717 1682 :piorem-9¹
1738 1614 1986 1678 Ἀτθίδος,

744 1678 906 1736 οὕτως
928 1678 1023 1727 ἀπ’
1047 1676 1198 1745 ἔργου
1220 1677 1364 1729 τοῦδέ
1387 1684 1435 1746 γ’
1461 1681 1824 1749 ὠνομασμένα.
2398 1676 2427 1713 ³

747 1742 853 1793 οὐδ’
881 1744 1068 1793 ἔλαθεν
1088 1742 1418 1812 ’Ἡφαιστεῖον
1439 1745 1577 1810 ὄμμ’,
1602 1751 1660 1807 ὃς
1681 1745 1884 1797 ἕσπετο.

745 1807 1044 1874 ἐπιθέμενος
1065 1806 1116 1857 δὲ
1141 1812 1224 1860 καὶ
1249 1812 1455 1876 κρατεῖν
1478 1809 1645 1873 δόξας,
1675 1813 1798 1869 θεᾶς

744 1874 965 1939 πληγεὶς
984 1873 1076 1923 ὑπ’
1101 1875 1280 1935 αὐτῆς,
1304 1872 1425 1941 δόρυ
1447 1877 1547 1941 γὰρ
1571 1877 1625 1928 ἐκ
1649 1874 2017 1933 Παλλαντίδος

742 1941 843 2003 γῆς
863 1940 1087 1997 Παλλὰς
1105 1940 1273 2004 ἔβαλ’,
1297 1940 1452 2002 εὐνῆς
1471 1942 1633 2007 ἀφῆκε
1656 1943 1752 1993 τὸν
1775 1942 1960 2002 πόθον,

742 2005 917 2063 ἄλλως
937 2004 1215 2072 φερομένης
1236 2009 1333 2066 τῆς
1355 2010 1556 2074 σπορᾶς
1576 2008 1647 2069 εἰς
1672 2010 1775 2069 τήν
1800 2005 1986 2073 χθόνα.
2378 2000 2435 2040 ¹⁰

487 2111 534 2143 υ.
554 2096 596 2143 1.
633 2094 766 2143 Illud
788 2098 832 2143 τ’
855 2096 1047 2145 admitti
1069 2114 1212 2161 posse
1247 2099 1364 2147 satis
1399 2100 1681 2163 comprobat
1715 2090 1862 2162 Soph.
1882 2098 1936 2145 in
1960 2094 2072 2144 OEd.
2097 2111 2145 2143 τ.
2162 2092 2240 2151 29,
2261 2090 2429 2155 μέλας

428 2156 470 2206 δ“
496 2156 675 2219 Ἀιδης
712 2163 1050 2225 στεναγμοῖςι
1085 2170 1135 2212 at
1156 2164 1209 2211 in
1233 2163 1345 2212 OEd.
1370 2164 1427 2213 C.
1453 2166 1597 2225 1164,
1636 2164 1727 2213 Σοὶ
1750 2165 1910 2230 φασὶν
1946 2160 2111 2211 αὐτὸν
2148 2157 2201 2215 ἐς
2233 2155 2427 2222 λόγους

423 2222 592 2273 θέλειν
613 2225 767 2307 (vulg.
791 2224 981 2287 ἐλθεῖν)
1003 2228 1218 2293 μολόντ’
1239 2226 1428 2278 Αἰτεῖν.

486 2305 532 2337 v.
547 2292 593 2337 3.
641 2296 902 2357 Αφαννας.
970 2294 1115 2343 Hanc
1147 2311 1317 2344 vocem
1339 2310 1400 2343 ex
1421 2294 1619 2357 ingenio
1659 2292 1844 2341 inserui
1877 2307 2068 2341 memor
2100 2288 2166 2354 gl.
2203 2286 2421 2354 Hesych.

421 2351 675 2418 Ἀφάνναι
698 2372 710 2384 ·
734 2356 927 2422 χωρίον
954 2360 1051 2418 τῆς
1075 2358 1396 2426 Δαμαρτίδος
1428 2359 1597 2426 φυλῆς
1618 2357 1899 2424 πόρρωθεν.
1950 2358 2100 2420 Lege,
2126 2354 2222 2412 τῆς
2246 2357 2419 2419 Δημη-

422 2417 628 2485 τριάδος
647 2423 815 2487 φυλῆς
836 2420 906 2471 πό
973 2444 1012 2473 ω
1025 2422 1276 2486 Ἀθηνῶν.
1313 2425 1487 2488 Neque
1508 2425 1645 2473 locus
1664 2424 1745 2472 hic
1764 2430 1839 2472 est
1858 2423 2049 2482 unicus,
2068 2422 2149 2470 ubi
2168 2418 2423 2483 Ἀφάνναι

422 2493 738 2536 evanuerunt.
803 2488 868 2537 In
890 2442 1110 2553 fffucyd.
1142 2490 1237 2540 VI.
1271 2492 1350 2548 54,
1394 2490 1540 2553 vulgo
1573 2490 1769 2551 legitur,
1808 2485 2053 2552 ὁἼππαρ
2094 2503 2165 2546 ος,
2189 2482 2257 2542 ὡς
2275 2484 2425 2543 αὖθις

422 2550 669 2628 πειράσας
689 2550 839 2602 οὐδὲν
896 2554 1063 2603 ἄλλον
1081 2553 1244 2603 ἔπειθε
1268 2554 1363 2603 τὸν
1381 2552 1472 2619 ‘Ap
1512 2552 1669 2613 ὅδιον,
1694 2552 1870 2616 βίαιον
1888 2553 1984 2618 μὲν
2004 2505 2154 2601 οὐὶδὲν
2175 2547 2421 2611 ἐβούλετο

422 2610 568 2679 δραν,
598 2614 654 2665 ἐν
676 2616 822 2681 τόπῳ
845 2572 895 2667 δέ
919 2635 1020 2669 τινι
1052 2620 1084 2670 ἆ
1124 2621 1252 2680 ανεῒ,
1287 2618 1355 2678 ὡς
1377 2619 1436 2669 οὐ
1491 2619 1544 2666 ιὰ
1568 2620 1718 2668 τοῦτο
1752 2616 1832 2678 δὴ,
1868 2614 2266 2683 παρεσκευάζετο
2291 2632 2418 2679 προ-

423 2680 694 2741 πηλακιῶν
736 2680 917 2732 αὐτόν.
983 2683 1061 2732 Ibi
1135 2686 1392 2747 evesquius
1425 2690 1473 2731 et
1510 2684 1751 2731 Dobrseus
1788 2684 1961 2746 legunt
1996 2679 2189 2747 τρόπῳ.
2263 2680 2419 2743 Atqui

421 2752 472 2793 et
494 2746 629 2794 locus
651 2753 701 2795 et
719 2748 895 2796 modus
922 2748 1212 2811 injuriarum
1234 2756 1372 2797 erant
1407 2746 1794 2815 ἐμφανέστατα.
1859 2748 1935 2795 Tu
1958 2762 2071 2795 vero
2094 2747 2263 2804 scribe,
2288 2746 2419 2805 quod

420 2811 615 2874 scripsit
645 2812 970 2876 Thucydides,
1013 2812 1071 2863 έν
1108 2812 1253 2877 τόπῳ
1289 2812 1343 2863 δέ
1375 2830 1493 2873 τινι,
1531 2810 1829 2878 ’.Αφάνναις,
1864 2809 1925 2861 οὗ
1959 2810 2169 2876 διητᾶτο
2207 2807 2419 2869 ἀνέδην,

423 2874 820 2941 παρεσκευάζετο
856 2879 1236 2943 προπηλακιεῖν
1267 2877 1446 2928 αὐτόν.
1513 2878 1593 2926 Ita
1612 2878 1745 2925 enim
1767 2880 1824 2929 έν
1847 2876 1990 2940 τόπῳ
2013 2875 2116 2925 τινὶ
2136 2873 2425 2941 Ἀφάνναις

420 2939 564 3002 plane
603 2950 879 3005 congruunt
917 2959 1032 2991 cum
1071 2944 1229 2991 verbis
1265 2943 1515 2993 Plutarchi
1551 2943 1603 2990 in
1643 2943 1859 3006 Lycurg.
1894 2958 1958 2991 ss.
1983 2943 2061 3001 16,
2098 2940 2266 2989 τόπον
2299 2956 2419 2988 τινα

422 3001 633 3070 Λέσχην
685 3006 1023 3072 καλουμένην.
1113 3008 1403 3071 Congruunt
1456 3023 1649 3071 quoque
1704 3004 1911 3070 διητᾶτο
1955 3002 2147 3066 ἀνέδην
2188 3020 2303 3055 cum
2346 3004 2417 3067 gl.

424 3069 639 3135 Hesych.
672 3068 1011 3136 Ἐξεδιητᾶτο.
1033 3072 1126 3127 ἔξω
1148 3075 1245 3133 τῆς
1266 3074 1483 3139 νομίμου
1503 3070 1700 3130 διαίτης
1722 3070 1960 3137 ἐγεγόνει,
1998 3087 2107 3134 quse
2126 3071 2337 3134 pertinet
2358 3070 2420 3117 ad

423 3135 644 3199 Thucyd.
687 3135 730 3183 Ι.
779 3139 887 3197 132,
933 3135 1304 3202 ἐξεδεδιητῆτοε
1359 3139 1444 3186 sed
1481 3146 1532 3185 et
1572 3138 1781 3200 simplex
1825 3134 2117 3202 δεδιῇτημαι
2170 3140 2329 3183 exstat
2362 3135 2417 3183 in

423 3199 643 3265 Thucyd.
667 3200 793 3249 VII.
819 3202 898 3253 77.
965 3204 1195 3251 Concinit
1223 3218 1416 3266 quoque
1446 3200 1655 3314 διὲτᾶτο
1689 3198 1881 3261 ἁνέδην
1903 3217 2017 3250 cum
2038 3198 2234 3261 ἀνέδην
2269 3198 2419 3265 ἐπόρ-

424 3281 535 3313 νευε
574 3267 628 3314 in
665 3266 871 3317 Lucian.
910 3267 1174 3316 Alexandr.
1221 3285 1264 3317 c.
1301 3271 1348 3325 5,
1390 3265 1484 3316 άνέ
1518 3284 1585 3326 ην
1627 3266 1887 3331 ἓπόρνευε.
1989 3266 2165 3314 Amice
2208 3267 2417 3330 denique

421 3332 698 3394 conspirant
718 3332 844 3380 inter
867 3348 919 3380 se
942 3330 1151 3396 διητᾶτο
1173 3341 1222 3381 et
1241 3330 1448 3391 ἀνέδην,
1483 3333 1556 3379 uti
1578 3340 1712 3395 patet
1733 3346 1794 3379 ex
1829 3328 2067 3396 ἀνειμένῃ
2090 3331 2158 3395 τῇ
2178 3328 2344 3397 διαίτη
2363 3332 2418 3380 in

421 3395 641 3460 Thucyd.
673 3395 717 3445 Ι.
742 3397 787 3444 6.
852 3397 1038 3445 Verum
1074 3404 1129 3445 ut
1170 3399 1232 3446 ad
1275 3398 1543 3460 Euripides
1582 3405 1807 3452 revertar,
1842 3397 1893 3443 in
1916 3412 1959 3443 υ.
1981 3398 2028 3456 4,
2068 3393 2309 3461 κρύπτρα
2342 3405 2420 3445 est

421 3460 638 3511 latibula.
707 3462 894 3511 Iterum
939 3463 1116 3511 excidit
1159 3479 1250 3511 vox
1293 3464 1464 3511 eadem
1501 3462 1554 3510 in
1596 3462 1743 3511 Herc.
1779 3461 1833 3509 F.
1874 3462 2015 3521 1103,
2052 3462 2125 3510 uti
2160 3462 2331 3510 monui
2362 3462 2417 3511 in

423 3525 577 3574 Class.
597 3526 772 3576 Journ.
794 3527 859 3576 N.
884 3529 965 3586 46,
997 3544 1046 3591 p.
1069 3529 1185 3577 401.

490 3590 552 3639 In
567 3608 612 3639 v.
630 3592 675 3648 6,
694 3591 753 3649 ὃς
766 3591 946 3655 pendet
962 3593 1021 3641 de
1049 3591 1332 3669 ’Ἥφαιστος
1351 3592 1403 3639 in
1421 3589 1746 3656 ιΗφαιστεῖον
1768 3590 2036 3639 subauditO.
2102 3590 2216 3639 vid.
2231 3591 2417 3640 Porsen

423 3654 546 3704 Hec.
571 3658 651 3703 22.
718 3655 781 3704 In
805 3673 847 3704 v.
871 3660 916 3714 8,
954 3658 1136 3706 inserui
1172 3655 1538 3714 Παλλαντίδας
1559 3672 1620 3704 ex
1643 3657 1862 3719 Hesych.
1884 3655 2192 3713 Παλλαντίς
2211 3689 2225 3703 .
2243 3653 2276 3713 ἦ
2300 3660 2415 3721 Τρι-

422 3720 577 3777 τωνὶς
615 3719 790 3785 λίμνη,
827 3738 974 3784 quem
1004 3722 1152 3785 juxta
1169 3723 1334 3771 locum
1357 3722 1520 3770 Pallas
1542 3721 1727 3770 solebat
1746 3721 1937 3776 morari,
1962 3728 2084 3767 teste
2106 3720 2342 3784 AEschylo
2362 3722 2417 3770 in

423 3783 572 3832 Eum.
595 3786 703 3833 290.
772 3783 914 3834 Ἀλλ’
949 3786 1046 3835 εἴτε
1082 3784 1311 3851 χαίρουσ’
1335 3785 1392 3836 ἐν
1415 3786 1597 3844 τόποις
1630 3784 1957 3849 Λιβυστικοῖς
1994 3784 2251 3850 Τρίτωνος
2287 3782 2418 3867 ἀμφὶ

423 3848 589 3914 χεῦμα
626 3849 890 3963 γενὸθλὲου
927 3850 1091 3917 πόρου
1129 3852 1342 3912 Τίθησιν
1374 3850 1532 3917 ὀρθὸν
1555 3849 1588 3910 ἦ
1612 3851 1872 3915 κατωφερῆ
1911 3847 2049 3899 πόδα
2082 3850 2269 3908 Φίλους
2290 3848 2417 3915 αρή-

423 3913 708 3977 γουσα.”-
763 3950 776 3963 .
840 3951 854 3964 .

493 3980 615 4027 Haec
639 3980 756 4027 dicit
791 3980 1089 4043 Burgesius3
1129 3981 1209 4029 cui
1231 3980 1386 4028 serius
1407 3980 1466 4027 ad
1487 3979 1861 4035 emendandum,
1886 3994 2035 4041 quam
2057 3978 2166 4027 aliis
2190 3980 2252 4027 ad
2270 3979 2415 4028 intel-

421 4042 673 4106 ligendum
718 4052 964 4093 auctorem
1013 4046 1278 4107 quemlibet
1313 4045 1438 4092 vires
1484 4044 1726 4093 deficient.
1806 4043 2006 4103 Versus,
2048 4059 2169 4107 quos
2211 4044 2302 4092 sub
2332 4060 2417 4093 no-

423 4110 553 4157 mine
589 4110 840 4173 Euripidis
864 4117 1083 4158 currente
1117 4110 1302 4158 calamo
1338 4110 1544 4172 scripsit,
1581 4125 1643 4157 ne
1664 4108 1774 4172 plus
1796 4125 1924 4157 verae
1945 4110 2244 4171 antiquitatis
2269 4125 2416 4172 quam
