2992 4842
1066 560 1138 595 An
1161 561 1535 598 nocuos-nea
1557 563 1791 598 ARATEA.
2336 554 2443 606 -xei

513 685 591 731 13.
629 682 847 746 Spatium
870 681 1103 748 breviore]
1137 686 1244 748 gsb.
1276 690 1431 751 spatio
1465 687 1653 737 brevior
1698 688 1863 738 BEG.
1931 689 1994 739 In
2031 690 2091 739 B.
2112 705 2350 756 superscr.
2372 700 2440 760 ς’,

442 755 502 796 ut
525 749 620 805 sit3
655 749 1122 813 breviorque—OB..
2052 791 2057 796 -

514 815 589 861 14.
629 814 883 877 Contenta]
907 816 1011 877 gsb.
1045 821 1276 865 contemta
1298 816 1360 868 E.
1393 823 1656 881 contempto
1681 819 1977 870 Bon—OB.

514 880 589 927 15.
625 878 792 927 Annus
814 881 1052 929 B.-OR„

513 944 589 992 16.
629 944 840 992 Gradc'us
862 945 924 993 E.
959 945 1086 994 orbis
1107 945 1350 996 E.—0R.

513 1071 565 1119 N
567 1087 683 1122 σἰἙ
709 1089 780 1122 An
803 1074 971 1124 Fuso.
996 1074 1342 1124 IV.-Graecia
1356 1076 1672 1140 praecurram]
1697 1079 1921 1128 Fortasse
1947 1079 2113 1129 Groeca
2129 1080 2438 1148 τρίσγωνον.

443 1140 792 1200 Fragmentum
828 1141 990 1200 ipsum
1024 1141 1307 1203 repetiimus
1328 1157 1389 1190 ex
1412 1141 1648 1190 Prisciani
1683 1143 1806 1192 libro
1844 1145 1903 1193 de
1938 1145 2196 1196 Ponderib.
2218 1158 2268 1197 et
2290 1151 2433 1198 Men·

443 1222 538 1253 sur.
559 1220 670 1266 pag.
697 1205 1025 1254 850.—SCH.
1039 1205 1275 1268 —1V.]
1312 1207 1589 1255 Priscianus
1610 1208 1661 1254 in
1683 1208 1803 1256 libro
1825 1211 1881 1256 de
1898 1211 2139 1272 ponderib.
2162 1222 2208 1263 et
2226 1230 2433 1266 mensur.

438 1286 485 1333 p.
512 1271 620 1319 859.
667 1271 866 1318 Putsch.
901 1269 1074 1318 Krehl.
1137 1270 1247 1318 Vol.
1286 1273 1332 1330 2,
1373 1287 1421 1334 p.
1461 1275 1601 1320 402.:
1640 1273 1805 1322 Caesar
1841 1275 1894 1321 in
1931 1277 2112 1325 Arato:
2152 1279 2257 1326 Cur
2289 1280 2435 1328 divite

438 1337 602 1398 linqua
633 1335 856 1393 †Groecia
887 1351 1174 1397 praecurram
1198 1340 1361 1398 potius
1392 1352 1533 1400 quam
1567 1339 1811 1402 trianqula
1840 1339 1993 1387 dicam
2010 1339 2037 1387 ?
2113 1342 2308 1392 Additit
2343 1345 2436 1394 hoc

437 1400 766 1463 fragmentum
789 1399 1306 1449 Schwartzius.-OR.

504 1469 549 1513 2.
587 1466 668 1512 Sic
692 1465 811 1513 Cod.
836 1463 1188 1514 Einsiedlensis
1227 1466 1461 1514 Prisciani
1500 1473 1549 1515 et
1571 1467 1726 1521 Edd.;
1760 1467 1811 1516 id
1834 1469 1963 1530 qnod
2001 1470 2209 1534 intelligi
2240 1474 2426 1535 nequit.

439 1530 762 1577 schwartzius
814 1529 1028 1577 volebat:
1085 1533 1244 1579 Graeca
1304 1529 1584 1595 τρίςγωνον
1628 1532 1741 1594 (sic)
1795 1537 1955 1596 potius
1999 1551 2143 1598 quam
2186 1540 2431 1600 trianqula

437 1595 592 1642 dicam
606 1594 632 1642 5
699 1594 790 1642 Sed
815 1595 1004 1642 videtur
1035 1596 1127 1644 hoc
1151 1597 1358 1657 requiri:
1414 1597 1514 1644 Cur
1548 1597 1695 1646 divite
1726 1599 1888 1661 linqua
1919 1603 2099 1648 Groecia
2124 1611 2389 1664 proecurrat
2403 1603 2431 1652 ?

427 1663 606 1722 potius,
632 1675 774 1722 quam
808 1661 1061 1722 trianyula,
1084 1661 1238 1709 dicam
1271 1661 1421 1723 Siqua
1445 1665 1634 1725 tn'qona
1651 1661 1678 1709 Ρ
1741 1663 1861 1711 Voe.
1887 1667 2125 1727 triangula
2148 1667 2300 1715 tribus
2324 1667 2427 1732 syl-

434 1723 557 1772 labis
580 1732 798 1772 constare
819 1724 950 1781 fecit‚
973 1733 1221 1789 utcunque
1255 1727 1505 1774 scribetur.
1570 1727 1682 1774 Jam
1706 1727 1792 1777 cfr.
1820 1729 2085 1778 Manilium
2108 1734 2153 1789 2,
2180 1732 2241 1783 27
2244 1733 2290 1780 6.
2357 1733 2429 1782 Et

433 1789 1893 1919 maffaseezafflggg”rtssssgztzzzfifffinffl
1915 1803 2090 1911 ”3333
2111 1797 2427 1925 .{²‘1‚¹.¹.¹‚{‚;¹1‘‚?1¹:

434 1927 524 1976 est,
560 1935 740 1968 novum
759 1926 904 1982 atque
925 1920 1225 1984 insperatum
1248 1922 1327 1969 hic
1349 1921 1585 1970 habemns
1610 1923 1668 1970 de
1690 1923 1887 1972 Manilii
1908 1932 2049 1974 aetate
2072 1927 2423 1976 testimonium.

431 1984 613 2034 -ΟΒ,

880 2428 1003 2477 VII.
1035 2427 1240 2476 NOTAE
1277 2427 1376 2476 AD
1411 2427 1967 2478 EPIGRAMMATA.

922 2565 1042 2635 [Ex
1063 2565 1178 2620 edd.
1203 2564 1379 2620 Solum.
1403 2567 1589 2619 Burm.
1616 2576 1664 2619 et
1684 2567 1911 2639 Meyer-J

494 2727 543 2775 N
548 2740 664 2774 οτι
693 2739 762 2773 an
785 2725 940 2773 Erm.
967 2723 1158 2774 1.-Aa
1202 2725 1424 2774 Hectoris
1467 2722 1723 2787 tumulum]
1780 2726 2131 2776 Revocavimus
2176 2727 2269 2776 hoc
2313 2729 2415 2793 epi-

424 2807 646 2854 gramma
669 2807 730 2838 ex
763 2791 893 2838 Petri
927 2791 1105 2838 Pithoei
1131 2791 1429 2853 Epigramm.
1450 2790 1615 2838 Veter.
1655 2790 1738 2838 lib.
1764 2789 1835 2839 II.
1873 2806 1985 2854 pag.
2007 2794 2085 2840 40.
2152 2793 2313 2842 Nobis
2332 2796 2415 2843 vix

429 2856 710 2905 Germanici
732 2871 836 2903 esse
859 2856 1060 2903 videtur.
1127 2855 1239 2903 Etsi
1273 2856 1402 2902 enim
1436 2855 1686 2903 meditatio
1719 2856 1837 2902 satis
1873 2857 1936 2903 sit
1968 2863 2110 2905 acuta
2134 2866 2181 2906 et
2204 2859 2412 2918 subtilis,

423 2937 582 2985 neque
597 2922 737 2969 verba
753 2921 1002 2968 sordeant:
1023 2927 1184 2968 tamen
1205 2937 1233 2967 a
1251 2921 1559 2982 simplicitate
1573 2921 1659 2967 illa
1674 2926 1723 2967 et
1742 2922 1977 2982 gravitate
1998 2922 2223 2970 Romana
2243 2925 2412 2972 abhor-

422 3002 528 3034 rere
552 2987 755 3034 videtur.
823 2985 953 3032 Nam
994 2985 1314 3048 Epigramma
1345 2985 1436 3033 hoc
1476 2994 1526 3032 et
1562 3000 1793 3047 germana
1827 2986 2076 3034 fortissimi
2109 2988 2319 3036 Achillis
2354 3005 2413 3038 ac

424 3051 794 3114 Myrmidonum
812 3050 967 3097 irrisio
987 3058 1073 3107 cst,
1091 3059 1140 3098 et
1160 3050 1345 3098 ludenti
1367 3050 1529 3113 potius
1553 3065 1699 3112 quam
1720 3051 1854 3112 gravi
1877 3051 1979 3099 viro
2002 3053 2241 3101 convenit.
2277 3053 2411 3103 Nam

423 3118 694 3164 extinctum
715 3115 1084 3178 Myrmidonum
1108 3130 1284 3162 nomen
1307 3115 1547 3162 veteribus
1562 3115 1781 3177 Trojanis
1802 3116 1973 3164 itidem
1992 3118 2217 3165 extinctis
2237 3118 2426 3168 solatio'

422 3197 528 3229 esse
549 3197 648 3230 non
669 3188 882 3244 poterat:
919 3195 1032 3227 cum
1052 3181 1320 3243 praesertim
1343 3195 1404 3228 an
1433 3181 1637 3227 Romani
1672 3196 1699 3227 a
1734 3181 1954 3243 Trojanis
1979 3183 2216 3244 originem
2246 3184 2407 3232 trabe-

421 3254 544 3304 rent,
576 3248 816 3294 incertum
839 3245 955 3292 satis
977 3253 1132 3293 esset:
1168 3253 1222 3292 ut
1244 3246 1355 3292 novi
1379 3245 1452 3292 illi
1489 3245 1648 3292 coloni
1670 3245 1827 3306 Trojae
1852 3245 1974 3293 nihil
2012 3255 2189 3308 praeter
2226 3263 2407 3297 nomen

420 3310 654 3360 haberent
697 3326 810 3359 cum
849 3309 1062 3372 antiquis
1105 3309 1839 3357 commune.—SCH.——Alii
1888 3310 2179 3360 Germanico
2223 3313 2407 3362 Caesari

420 3373 656 3433 tribuunt,
691 3384 747 3423 ut
784 3391 939 3436 nuper
981 3375 1259 3438 Bernhardy
1283 3375 1348 3424 R.
1373 3375 1495 3422 Litt.
1516 3389 1566 3436 p.
1593 3376 1703 3431 218,
1727 3375 1810 3422 alii
1834 3375 2083 3424 Hadriano
2105 3377 2404 3441 imperatori,

419 3455 530 3488 cnm
554 3442 606 3490 in
629 3441 830 3489 Anthol.
857 3440 1032 3487 Graeca
1055 3439 1305 3499 Brunckii,
1346 3440 1403 3496 T.
1429 3440 1503 3488 ΙΙ.
1527 3454 1578 3502 p.
1598 3441 1709 3496 285,
1732 3439 1809 3488 vel
1830 3440 2050 3490 Palatina
2071 3441 2102 3488 J
2104 3444 2297 3502 acobsii,
2319 3444 2404 3492 lib.

419 3506 515 3553 IX.
540 3522 614 3569 ep.
637 3509 749 3565 387,
783 3507 912 3552 idem
935 3505 1234 3566 epigramma
1267 3511 1397 3552 extet
1416 3506 1507 3552 hac
1546 3505 1857 3566 inscriptione
1882 3507 2093 3569 adjecta:
2120 3505 2403 3571 Ἀδριανοῦ

418 3570 683 3635 Καίσαρος
697 3571 768 3627 εἰς
784 3570 878 3618 τὸν
891 3565 1048 3617 “Erro
1082 3587 1130 3628 α,
1149 3566 1194 3615 οἱ
1216 3566 1265 3616 δὲ
1289 3569 1600 3634 Γερμανικοῦ
1624 3566 1870 3632 Ἦσύχιος
1892 3567 1942 3617 δὲ
1966 3569 2036 3628 εἰς
2053 3571 2291 3636 Τιβέριον
2306 3573 2401 3621 τόν

419 3635 657 3700 Καίσαρα
681 3635 917 3700 ἀναφέρει
938 3586 1084 3683 αὐτ-Σ.
1119 3635 1188 3682 Et
1206 3635 1460 3682 Jacobsius
1483 3635 1733 3683 Hadriano
1749 3635 1931 3695 tribuit,
1955 3638 2068 3698 quia
2084 3638 2126 3684 is
2141 3639 2402 3699 imperator

417 3703 614 3764 Trojam
642 3702 810 3749 multis
847 3701 1069 3764 operibus
1103 3700 1358 3748 ornaverit.
1425 3699 1540 3748 Qua
1560 3701 1610 3746 in
1632 3715 1683 3747 re
1707 3700 1752 3747 ei
1772 3715 1869 3747 non
1891 3701 2141 3757 assentior,
2164 3717 2277 3749 cum
2302 3703 2401 3765 epi-

413 3782 635 3830 gramma
666 3767 822 3814 multo
859 3765 1015 3827 magis
1051 3765 1103 3812 in
1145 3766 1350 3812 Romam
1382 3765 1552 3812 urbem
1588 3780 1734 3826 quam
1770 3765 1823 3812 in
1848 3765 2043 3826 Trojam
2064 3773 2399 3815 renascentem

417 3833 690 3880 conveniat.
755 3831 861 3880 Alii
883 3845 1168 3878 conversum
1188 3838 1360 3892 putant
1375 3831 1434 3876 ab
1460 3829 1585 3876 Italo
1608 3829 1770 3892 aliquo
1793 3845 1852 3877 ex
1876 3829 2178 3891 Anthologia
2202 3830 2392 3890 Graeca,

411 3903 470 3944 ut
492 3898 716 3945 Pithoeus
736 3905 880 3959 atque
904 3895 1116 3942 Orellius
1136 3895 1187 3942 in
1211 3911 1335 3942 nova
1356 3895 1469 3942 edit.
1493 3894 1806 3956 Eclogarum,
1846 3910 1893 3957 p.
1922 3895 2031 3942 262.
2100 3895 2149 3943 N
2153 3911 2207 3943 ec
2230 3903 2397 3944 extant

412 3960 509 4010 alia
528 3963 876 4025 epigrammata
898 3960 1104 4008 Caesaris
1127 3959 1406 4008 Germanici
1427 3959 1713 4007 indubitata.
1795 3959 1903 4007 Etsi
1927 3959 2065 4018 illud,
2099 3961 2227 4024 quod
2248 3976 2395 4024 supra

414 4026 466 4075 in
489 4027 851 4091 epigrammatis
875 4025 930 4073 C.
996 4028 1024 4072 J
1032 4024 1119 4073 ulii
1145 4025 1350 4075 Caesaris
1373 4025 1496 4083 dedi,
1529 4023 1696 4073 Thrax
1724 4038 1861 4086 mter,
1894 4024 2075 4073 Caesari
2101 4026 2393 4075 Germanico
