2992 4842
576 576 668 642 30
1373 595 1771 642 annuamcr

573 738 835 803 Dextra
861 745 1202 814 monstrat,
1231 735 1314 801 ad
1341 735 1613 820 auguria
1638 735 1925 820 pertinet
1966 734 2202 802 avium.
2294 735 2575 822 Propter

573 823 749 906 quod
777 837 845 886 et
875 819 1076 887 Stoici
1121 821 1164 886 J
1165 844 1346 886 ovem
1391 843 1531 886 esse
1570 821 1913 900 affirmant,
1946 820 2208 922 qui-per
2235 824 2573 887 materiam

571 918 792 973 manat
822 907 1108 992 spiritus,
1163 918 1232 971 et
1275 907 1499 972 similis
1544 918 1645 972 est
1692 917 1933 972 nostrae
1978 929 2235 974 ammae.
2324 907 2569 991 (Zeno-

573 993 764 1057 dotus
792 1005 1008 1059 autem
1037 992 1302 1058 AEtolus
1331 1002 1398 1057 et
1427 991 1755 1058 Diodorus
1784 993 1991 1071 aiunt,
2034 1015 2153 1058 nec
2182 993 2266 1058 ad
2292 994 2571 1059 fabulosi

570 1077 615 1141 J
614 1079 748 1143 ovis
796 1078 1087 1146 sufficere
1138 1078 1454 1164 ejusmodi
1500 1077 1911 1163 opinionem:
1958 1101 2095 1143 esse
2146 1079 2319 1144 enim
2370 1080 2569 1144 talem

569 1186 824 1228 causam
854 1163 898 1228 J
897 1165 1050 1242 ovis,
1083 1175 1152 1228 et
1179 1164 1517 1228 convenire
1540 1185 1761 1228 omnes
1782 1165 1915 1230 vias
1942 1187 2021 1229 eo
2037 1164 2378 1243 confertas,
2405 1188 2567 1249 quas

569 1259 828 1314 tantum
885 1250 1024 1314 loco
1075 1251 1216 1336 ejus
1273 1249 1597 1314 describit.
1687 1248 1981 1315 Dicendo
2038 1261 2281 1329 autem,
2343 1251 2567 1316 Etiam

567 1357 795 1418 genus,
855 1336 1138 1400 ostendit
1187 1335 1421 1401 animae
1463 1335 2035 1400 immortalitatem.
2128 1335 2334 1414 Bene,
2375 1358 2567 1424 prop-

569 1432 746 1485 terea
774 1421 948 1506 quod
975 1421 1106 1486 ait:
1153 1430 1417 1486 noverat
1463 1421 1637 1485 enim
1684 1421 1909 1486 virtuti
1954 1421 2202 1506 aliquid
2252 1423 2563 1487 aemulum

566 1505 879 1572 futurum.
969 1506 1094 1571 Dei
1129 1506 1330 1590 igitur
1366 1506 1667 1570 adversus
1706 1506 1941 1571 delicta
1976 1506 2191 1572 lenem
2232 1530 2395 1586 esse,
2436 1519 2558 1587 est,

567 1593 872 1676 quoniam
901 1592 1190 1656 omnium
1217 1614 1450 1676 parens
1478 1591 1855 1671 affirmatur,
1906 1603 1975 1656 et
2019 1615 2155 1658 non
2193 1593 2403 1658 solum
2442 1593 2561 1659 ho-

565 1677 839 1755 minum,
871 1678 983 1743 sed
1001 1677 1196 1742 etiam
1226 1675 1543 1760 deorum.)

652 1761 947 1828 Vertices
991 1773 1338 1842 extremos,
1385 1763 1553 1828 circa
1581 1784 1745 1846 quos
1794 1763 2063 1848 Sphaera
2090 1763 2231 1828 caeli
2259 1763 2557 1843 volvitur,

568 1846 760 1913 Polos
785 1849 1004 1914 Graeci
1026 1857 1579 1934 nuncupaverunt,
1612 1870 1648 1911 e
1666 1849 1903 1933 quibus
1924 1872 2095 1914 unus
2117 1862 2215 1914 est
2236 1851 2556 1929 australiS,

566 1934 680 2018 qui
737 1944 927 1999 terrae
985 1936 1274 2021 objectus
1325 1958 1364 2000 a
1421 1933 1607 1999 nobis
1663 1956 2001 2021 nunquam
2050 1935 2346 2014 videtur3
2392 1937 2559 2001 alter

565 2031 782 2169 autegn
812 2020 1369 2105 septemtrionalia,
1401 2020 1519 2108 qui
1545 2019 1780 2086 boreus
1807 2032 2090 2100 vocatur,
2122 2032 2189 2086 et
2218 2044 2557 2106 nunquam

565 2128 694 2170 occ]
745 2107 817 2170 it.

651 2190 823 2255 Duae
851 2202 1005 2256 sunt
1027 2190 1234 2268 Arcti,
1278 2214 1553 2276 quarum
1582 2194 1887 2278 majorem
1915 2202 2166 2269 vocant,
2217 2190 2510 2256 Helicem
2538 2216 2555 2258 ε

563 2277 899 2354 minorem,
933 2275 1130 2342 Canis
1159 2277 1449 2343 caudam.
1540 2278 1877 2343 Alterutra
1906 2278 2167 2362 quidem
2195 2277 2425 2341 harum
2455 2301 2559 2342 ca-

562 2363 702 2447 pita
729 2363 1047 2440 deorsum,
1075 2363 1384 2428 alterutra
1411 2386 1662 2428 sursum
1693 2363 2032 2449 aspiciunt.
2123 2363 2349 2429 Altera
2378 2385 2559 2428 nam-

565 2471 693 2532 que
726 2448 954 2513 Helice
982 2458 1101 2526 est,
1152 2471 1300 2533 quae
1329 2460 1597 2535 apparet
1624 2450 1831 2534 prima
1860 2450 2105 2514 noctis:
2182 2450 2384 2514 altera
2432 2472 2557 2533 pu-

563 2534 702 2598 silla
734 2535 1015 2619 quidem,
1041 2534 1152 2598 sed
1173 2557 1212 2599 a
1234 2536 1679 2619 navigantibus
1701 2536 2077 2600 observatur
2096 2560 2112 2613 ς
2158 2535 2359 2599 maria
2382 2536 2558 2599 enim

563 2621 925 2685 conturbat.
1016 2619 1291 2684 Helicen
1321 2631 1540 2686 autem
1570 2621 1725 2686 dicit
1756 2621 2082 2686 Hesiodus
2122 2619 2393 2686 Callisto
2424 2619 2557 2705 Ly-

563 2707 776 2770 caonis
827 2706 995 2790 regis
1040 2705 1236 2770 filiam
1283 2706 1503 2785 fuisse,
1554 2718 1621 2771 et
1663 2707 1734 2770 in
1780 2707 2056 2772 Arcadia
2100 2706 2353 2770 solitam
2402 2729 2555 2771 cum

565 2791 782 2856 Diana
831 2793 1072 2869 venari,
1122 2803 1189 2855 et
1237 2792 1306 2856 in
1351 2793 1681 2856 montibus
1730 2792 1962 2876 vagari,
2012 2804 2080 2856 et
2108 2815 2145 2856 a
2175 2791 2333 2856 Jove
2385 2813 2557 2856 com-

562 2900 868 2962 pressam,
893 2900 1029 2941 rem
1051 2877 1286 2942 celasse
1311 2877 1611 2944 Dianam.
1701 2877 1918 2944 Quam
1940 2877 2288 2960 gravidam,
2311 2878 2555 2941 nudam

561 2987 630 3028 se
675 2964 996 3028 lavantem
1023 2986 1171 3028 cum
1199 2964 1556 3048 aspexisset
1602 2963 1817 3028 Diana
1860 2964 1931 3026 in
1980 2963 2248 3040 lavacr0,
2289 2973 2556 3046 partum

562 3050 704 3134 ejus
753 3049 1128 3127 accelerans,
1159 3049 1433 3114 bestiam
1461 3073 1603 3114 eam
1633 3073 1771 3114 esse
1791 3074 1817 3136 J
1828 3049 2026 3127 ussit;
2074 3059 2142 3112 et
2187 3049 2343 3112 dum
2384 3059 2555 3114 esset

561 3158 734 3213 ursa,
766 3136 1040 3200 Arctum
1059 3135 1253 3199 enixa
1275 3146 1396 3213 est,
1422 3158 1616 3220 quem
1637 3134 1957 3200 Arcadem
1978 3145 2226 3198 vocant.
2274 3133 2554 3218 Amphis

563 3232 780 3285 autem
824 3220 1101 3284 comicus
1139 3231 1333 3306 poeta
1379 3221 1599 3298 refert,
1648 3220 1871 3284 Jovem
1899 3221 1969 3284 in
2000 3219 2234 3284 Dianae
2272 3219 2553 3302 effigiem

561 3307 1089 3389 transfiguratum
1118 3307 1188 3370 in
1227 3307 1563 3371 venatione
1600 3307 1864 3371 Callisto
1911 3306 2340 3391 oppressisse3
2389 3315 2552 3369 tem-

560 3414 716 3477 pore
746 3403 968 3476 partus
997 3392 1189 3477 pleno
1217 3415 1361 3456 cum
1391 3403 1757 3470 vexaretur,
1806 3390 2043 3456 Dianae
2090 3390 2345 3474 culpam
2384 3390 2554 3454 indi-

561 3478 757 3555 casse,
783 3489 851 3542 et
877 3478 1105 3542 iratam
1137 3478 1412 3543 Dianam
1433 3479 1505 3542 in
1526 3500 1742 3544 ursam
1783 3477 2284 3561 transfigurasse.
2377 3475 2549 3544 Quae

563 3564 716 3628 dum
738 3564 809 3628 in
837 3563 1164 3628 montibus
1192 3575 1552 3647 vagaretur,
1582 3587 1621 3628 a
1650 3564 2035 3649 quibusdam
2058 3562 2423 3646 pastoribus
2440 3584 2551 3646 ap-

560 3650 897 3735 prehensa,
945 3672 1092 3712 cum
1137 3672 1338 3733 puero
1376 3651 1688 3735 perducta
1718 3659 1817 3713 est
1845 3650 1926 3713 ad
1957 3647 2357 3732 Lycaonem3
2402 3659 2551 3731 post

563 3748 818 3821 tempus
844 3736 914 3800 in
945 3733 1164 3820 Lycaei
1194 3735 1237 3799 J
1238 3737 1368 3800 ovis
1387 3736 1699 3819 templum
1718 3733 2217 3818 confugientem,
2238 3755 2385 3796 cum
2406 3755 2549 3798 eam

563 3823 766 3887 Arcas
795 3823 966 3886 filius
996 3832 1396 3905 sequeretur,
1455 3843 1584 3905 quo
1616 3842 1755 3885 eam
1786 3820 1965 3884 nefas
1994 3829 2133 3884 erat
2159 3818 2424 3895 intrare,
2464 3819 2548 3882 ab

562 3908 922 3973 Arcadibus
943 3908 1206 3992 utrique
1227 3906 1552 3971 interfecti
1574 3918 1744 3971 sunt.
1833 3905 2089 3990 Jupiter
2108 3915 2326 3970 autem
2348 3913 2552 3967 utros-

561 4017 690 4078 que
719 3993 860 4058 caeli
889 3993 1074 4058 astris
1104 3993 1348 4071 intulit,
1377 3991 1742 4077 Ursamque
1765 4013 1907 4056 eam
1932 3991 2303 4055 nominavit.
2396 3988 2550 4053 Ovi-

559 4081 704 4164 dius
751 4103 790 4144 a
842 4079 1100 4144 Junone
1146 4079 1216 4143 in
1259 4079 1534 4144 bestiam
1579 4099 1945 4143 conversam
1989 4076 2229 4144 scribit.
2322 4075 2548 4141 Habet

2962 3433 2977 3614 *A

2962 3951 2977 4831 —ffl—*fi—
