2992 4842
1255 577 1549 614 Arrsnmx.
2358 559 2404 607 ci

406 710 582 758 ditm-io
605 707 1005 756 Sallustianorum
1025 704 1338 753 adservantur
1363 705 1622 754 hortorum.
1691 705 1892 752 Pusiom'
1914 709 1960 751 et
1982 702 2261 752 Secundi-Hcs
2276 711 2411 752 erant

405 775 618 822 nomina.
683 769 868 820 Eodem
888 768 1117 826 Proeside,
1149 772 1374 818 minimus
1408 771 1546 818 homo
1578 771 1695 817 duos
1724 769 1868 831 pedes
1889 774 1935 816 et
1946 770 2163 832 palmum
2187 769 2406 832 Conopas

405 835 1231 968 ”⁰²1²31‘0’02'335‘2ss2³.5“2²5.5552⁸
1248 838 1500 958 αἰῖἴῗῖἱῑ
1533 833 2111 948 ιῗὲἓΐὶῗέζξξξηῖῗῐι.
2142 914 2246 948 120..
2313 898 2409 948 En

411 968 545 1015 enim
569 966 790 1014 seculum
804 965 928 1013 illud
948 970 1268 1024 Augustaeum
1283 965 1388 1028 jam
1405 965 1464 1012 ab
1487 965 1638 1012 Esaia
1657 964 1859 1026 aliisque
1879 964 2125 1027 prophetis
2147 964 2295 1012 sacris
2314 965 2409 1013 hoc

411 1033 609 1080 nomine
631 1031 937 1094 praedictum.
1003 1029 1212 1077 Minime
1235 1045 1348 1077 vero
1369 1029 1493 1077 illud
1515 1029 1802 1088 Domitiani,
1841 1029 1980 1077 nullo
2013 1029 2179 1077 minus
2210 1029 2409 1077 nomine

411 1095 812 1146 commendabile.
883 1094 1054 1142 Barth.
1079 1094 1204 1142 Adv.
1230 1093 1450 1142 XLVII.
1482 1095 1561 1143 18.

482 1163 559 1209 ll.
595 1160 656 1208 In
694 1159 989 1207 membranis
1029 1161 1082 1206 in
1121 1159 1303 1207 caelum.
1383 1159 1530 1208 Quod
1570 1173 1686 1207 sane
1730 1157 1989 1208 efficacius.
2068 1158 2236 1207 Barth.
2280 1159 2408 1208 Λᾶν.

414 1224 635 1274 XLVII.
654 1227 729 1273 18.
799 1224 955 1286 Supra
992 1231 1203 1271 erratum
1227 1231 1302 1272 est
1313 1224 1373 1270 ab
1387 1224 1559 1286 operis.
1630 1223 1918 1271 Ponendum
1958 1223 2092 1272 enim
2128 1224 2253 1272 fuit:
2286 1239 2412 1272 nunc

415 1289 578 1352 vacat]
615 1291 686 1337 ita
708 1289 818 1336 MS.
885 1289 1102 1336 Pessime
1123 1289 1241 1337 editi
1264 1289 1404 1336 libriz
1439 1303 1564 1336 nunc
1583 1294 1733 1346 vocat,
1755 1289 1842 1336 διο.

485 1357 562 1403 12.
604 1353 887 1416 Covascere
922 1353 1156 1400 inibidem
1193 1361 1440 1402 exaratum
1473 1360 1561 1402 est.
1627 1352 1795 1400 Barth.
1826 1351 2030 1401 Advers.
2054 1352 2228 1401 XLII.
2262 1369 2304 1401 c.
2329 1355 2412 1402 58.

486 1421 561 1469 13.
600 1419 767 1466 Codex
789 1418 1006 1481 priscus:
1041 1421 1154 1466 vitet
1187 1419 1351 1466 doctus
1387 1424 1568 1466 arator.
1636 1416 1893 1467 Quomodo
1918 1423 1967 1464 et
1990 1417 2171 1466 Aldina
2192 1424 2241 1465 et
2264 1418 2409 1466 Guil-

416 1485 552 1533 ielmi
578 1483 794 1531 Morellii
809 1482 1168 1544 elegantissima
1185 1483 1470 1532 Parisiensis
1483 1483 1645 1530 editio.
1714 1481 1819 1530 Nos
1836 1480 2135 1544 Scaligerum
2148 1483 2411 1545 sequimur.

421 1550 589 1598 Barth.
628 1549 835 1595 Advers.
871 1546 1090 1595 XLVII.
1133 1563 1174 1596 c.
1202 1550 1276 1605 18,
1312 1563 1360 1610 p.
1387 1550 1531 1596 2222.
1598 1545 1689 1594 Sed
1725 1561 1877 1608 quum
1914 1561 2011 1594 non
2047 1555 2145 1594 tam
2186 1548 2412 1610 agricolae

418 1614 670 1662 stellarum
690 1613 928 1660 rationem
963 1612 1305 1673 intelligerent,
1339 1628 1486 1675 quam
1510 1611 1701 1671 eruditi,
1722 1617 1779 1660 ut
1801 1611 1991 1659 Plinius
2009 1611 2218 1668 fatetur3
2251 1612 2412 1660 doctus

419 1679 544 1727 mihi
566 1677 758 1725 videtur
780 1677 1024 1724 interdum
1045 1677 1222 1724 melius
1243 1693 1365 1725 esse.

487 1745 564 1791 15.
600 1745 716 1790 Haec
737 1757 818 1804 eqo
841 1741 952 1788 dum
973 1740 1091 1790 laetis
1113 1757 1253 1790 conor
1263 1758 1315 1804 p.
1337 1741 1402 1790 M
1405 1739 1446 1803 .]
1471 1740 1667 1789 Priscus
1687 1739 1809 1790 liber
1831 1756 1981 1804 coyor.
2047 1740 2117 1788 Et
2136 1740 2205 1788 ita
2226 1741 2411 1790 Motel-

417 1807 517 1857 lius
562 1808 726 1863 etiam,
773 1806 1108 1854 Commelinus
1149 1814 1200 1855 et
1244 1806 1534 1868 Hervagius.
1623 1806 1672 1854 N
1676 1821 1731 1853 ec
1773 1813 1938 1854 tamen
1981 1805 2206 1870 γνησίως
2228 1824 2240 1854 =
2298 1822 2413 1855 cum

420 1873 662 1935 adscripta
696 1871 841 1918 lectio
878 1871 1019 1918 facile
1057 1872 1426 1932 germanitatem
1465 1885 1605 1918 suam
1640 1878 1846 1918 tucatur.
1918 1869 2013 1918 Sed
2034 1878 2082 1918 et
2105 1871 2260 1919 Latiis
2292 1871 2412 1920 scri-

420 1938 636 1986 bendum
657 1951 771 1983 cum
791 1935 1086 1984 membranis
1109 1936 1341 1995 Susianis,
1379 1942 1511 1984 certa
1529 1935 1649 1984 fides
1669 1936 1883 1998 Josepho
1906 1935 2165 1998 scaligero,
2203 1936 2287 1999 qui
2308 1936 2414 1985 sine

421 2002 526 2050 ulla
547 2002 676 2050 ultra
700 2001 1021 2048 controversia
1052 2009 1218 2050 auctor
1253 2009 1327 2049 est
1346 2007 1573 2049 notarum
1596 2001 1955 2050 Grotianarum.
2021 2001 2191 2050 Barth.
2211 2000 2413 2050 Advers.

423 2067 507 2116 lib.
529 2065 748 2115 XLVII.
791 2080 834 2114 c.
861 2067 938 2123 18,
974 2081 1024 2129 p.
1048 2067 1190 2114 2222.
1256 2069 1410 2113 Latiis
1429 2081 1458 2112 a
1481 2066 1653 2113 Grotio
1674 2072 1765 2126 est,
1796 2080 1895 2113 non
1915 2081 1944 2113 a
1964 2066 2257 2115 membranis
2278 2066 2415 2115 Susi-

423 2132 547 2180 anis.
615 2131 694 2179 De
715 2129 918 2192 reliquis
940 2131 1130 2178 Barthii
1154 2131 1310 2179 verbis
1334 2131 1461 2178 docti
1477 2129 1716 2192 judicent.

491 2196 567 2244 16.
603 2195 858 2252 Manilius,
891 2195 976 2243 lib.
1000 2194 1042 2244 Ι.
1076 2211 1120 2244 v.
1142 2197 1232 2244 13:
1268 2195 1379 2244 Hoc
1391 2194 1474 2243 sub
1489 2211 1609 2258 pace
1631 2201 1769 2243 vacat
1790 2200 1990 2244 tantum.
2056 2193 2135 2243 Ea
2146 2209 2257 2243 vero
2270 2195 2415 2243 lectio

427 2276 488 2310 ex
513 2260 804 2308 Germanico
825 2267 971 2322 patet.
1041 2260 1258 2323 Uterque
1296 2261 1468 2308 alludit
1504 2259 1745 2323 templum
1780 2261 1913 2322 pacis
1944 2261 2005 2308 ab
2038 2260 2265 2323 Augusto
2297 2276 2415 2308 con-

425 2333 680 2382 structum,
702 2332 758 2372 ut
777 2324 963 2372 notavit
984 2325 1212 2387 Scaliger.
1282 2325 1342 2374 In
1366 2325 1476 2374 MS.
1512 2325 1693 2388 alioqui
1726 2331 1862 2372 vocat
1900 2325 2123 2385 habetur,
2158 2326 2243 2374 sed
2264 2325 2417 2373 altero

425 2392 480 2440 in
499 2391 770 2452 marginem
793 2389 1048 2452 adscripto.
1115 2391 1364 2439 Sententia
1397 2404 1511 2438 vero
1552 2390 1727 2438 nullibi
1760 2395 1891 2438 recte
1926 2390 2163 2454 explicata
2182 2391 2289 2438 haec
2310 2398 2413 2438 est:

433 2455 644 2504 Tantum
659 2457 798 2518 pacis
817 2461 1020 2516 tempore
1055 2463 1194 2503 vacat
1228 2455 1363 2503 nobis
1397 2455 1471 2502 his
1508 2455 1678 2503 studiis
1700 2456 1831 2515 frui.
1899 2455 1963 2502 In
1984 2456 2179 2503 laudem
2201 2455 2416 2518 Augusti

427 2522 559 2579 dicit,
582 2535 696 2567 nam
719 2519 904 2566 bellicis
927 2521 1224 2582 temporibus
1243 2521 1350 2568 haec
1370 2520 1531 2568 studia
1544 2521 1729 2582 jacent.
1794 2520 1963 2568 Barth.
1994 2521 2200 2569 Advers.
2222 2520 2264 2568 Ι.
2303 2536 2343 2568 c.
2370 2525 2416 2569 8.

426 2585 832 2632 ——Secundare
850 2583 1042 2631 Numen
1059 2587 1213 2647 poscit
1233 2585 1294 2632 ab
1313 2584 1557 2646 Augusto.
1627 2584 1774 2634 Quod
1808 2599 1980 2632 numen
2012 2591 2060 2632 et
2093 2585 2249 2646 quale,
2288 2587 2419 2648 quod

429 2649 771 2698 secundatione
808 2648 1046 2712 Principis
1081 2665 1202 2712 opus
1236 2649 1416 2697 habet?
1483 2649 1595 2712 Ego
1632 2649 1939 2696 commodam
1971 2649 2416 2712 interpretationem

429 2716 588 2764 adhuc
609 2713 818 2776 inquiro.
884 2714 1048 2762 Barth.
1072 2715 1274 2763 Advers.
1307 2712 1526 2762 XLVII.
1563 2729 1605 2762 c.
1630 2715 1708 2762 18.
1774 2713 1976 2762 Numen
1998 2714 2255 2762 Musarum
2277 2715 2416 2777 adju-

430 2781 532 2828 vari
555 2779 662 2827 vult
679 2779 742 2826 ab
765 2779 994 2840 Augusto
1024 2779 1364 2828 Germanicus.

499 2845 574 2892 19.
607 2843 724 2900 Alii,
759 2841 874 2890 Axis
903 2849 1012 2901 stat,
1047 2850 1200 2902 motus
1233 2859 1414 2905 semper
1446 2845 1647 2906 vestifia
1684 2848 1852 2892 servat.
1918 2840 2116 2904 Exigua
2150 2843 2418 2892 mutatione

430 2924 600 2958 verum
637 2908 960 2970 attigerimne,
996 2908 1124 2957 docti
1157 2909 1396 2971 judicent.
1461 2908 1682 2956 Mona.
1749 2907 1898 2955 Haud
1920 2907 2063 2955 dubie
2083 2923 2197 2956 vera
2218 2914 2291 2956 est
2310 2910 2418 2956 haec

431 2975 680 3036 scriptura.
746 2973 942 3020 Priscus
961 2973 1114 3021 codex
1133 2990 1246 3021 cum
1265 2973 1452 3022 caeteris
1473 2973 1723 3021 nonnullis
1743 2973 1973 3020 absurde:
2008 2971 2128 3021 Axis
2143 2978 2238 3020 stat
2250 2981 2417 3022 motus.

434 3039 511 3087 De
528 3042 612 3086 axi
631 3036 797 3100 pulcre
820 3037 1118 3086 Theodosius
1138 3038 1372 3101 Tripolita
1390 3038 1513 3086 libro
1537 3039 1577 3086 I.
1619 3037 1977 3100 Sphaericorum
2013 3037 2289 3085 definitione
2312 3037 2418 3086 ΙΙΙ.

424 3101 594 3158 Ἀξων
617 3099 667 3150 δὲ
690 3103 787 3160 τῆς
809 3099 1024 3182 σφαίρας
1046 3102 1159 3152 {siv
1181 3101 1351 3151 ἐυθεῖά
1372 3119 1451 3159 τις
1489 3099 1573 3150 διὰ
1608 3103 1698 3150 τοῦ
1733 3101 1916 3166 κέντρα
1940 3099 2228 3166 ἡγμὲνηκαὶ
2264 3119 2419 3166 περα-

434 3165 656 3249 τρυμένη
679 3164 749 3230 ἐφ’
775 3166 986 3246 inq-repe}
1010 3167 1076 3214 τὰ
1096 3165 1224 3248 μ’έρη
1243 3167 1348 3248 defo
1373 3169 1470 3226 τῆς
1490 3165 1791 3244 ἐπιφαπζείας
1825 3165 2175 3248 τῆςυσφιξίρας,
2210 3167 2329 3232 περὶ
2350 3165 2419 3227 ἥν

433 3231 993 3378 ἔὲξέαέᾄᾏίῗῖἴοὲ,
1015 3239 1503 3356 Ἑφεῖἱακῐῗέἱὶῗὴ
1539 3232 1809 3362 ἓὲἳέἲξές·
1848 3235 1947 3346 533
1982 3247 2173 3362 2232?
2194 3241 2421 3365 52⁹2,th.

441 3370 680 3477 ςρὲῗῗτῧ
699 3361 1532 3490 glggegjqcibibffffglgmgngseglulli,
1560 3425 1697 3474 nullo
1718 3441 1881 3474 sensu.
1950 3427 2207 3486 Geminae,
2246 3427 2421 3490 inquit,

435 3492 598 3556 polus,
634 3507 782 3557 quem
803 3492 872 3538 ita
892 3492 1054 3540 dixere
1080 3492 1231 3548 Graii,
1248 3493 1476 3540 terminat
1495 3507 1653 3548 axem,
1693 3488 1795 3539 δύω
1819 3489 1997 3552 Πόλοι,
2036 3491 2233 3550 Aratus,
2267 3508 2313 3541 V.
2340 3494 2423 3540 24.

437 3557 539 3605 Cic.
563 3558 623 3606 de
645 3558 764 3606 Nat.
789 3557 854 3605 D.
877 3555 954 3603 11.
992 3571 1032 3604 c.
1059 3558 1152 3605 40:
1186 3556 1418 3605 Extrema
1438 3572 1524 3605 ora
1544 3562 1591 3603 et
1612 3557 1936 3605 determinatio
1956 3558 2136 3605 mundi.
2200 3557 2423 3606 Mem-21..

501 3625 582 3672 22.
619 3623 770 3680 Quem
797 3621 938 3669 Graii
957 3620 1320 3734 dixeressolum]
1355 3622 1511 3670 Vetus
1530 3621 1664 3669 liber.
1706 3622 1855 3678 Quem
1876 3623 2033 3670 dixere
2048 3622 2214 3684 polum
2232 3627 2423 3672 veteres.

435 3687 604 3735 Barth.
643 3685 863 3736 XLVII.
901 3701 943 3733 c.
969 3687 1046 3736 18.
1160 3702 1238 3734 ars
1259 3686 1436 3749 mersa]
1471 3685 1553 3734 Ad
1574 3695 1740 3734 notam
1760 3692 1973 3734 nostram
1992 3687 2113 3734 adde
2132 3686 2269 3743 illud,
2294 3687 2425 3749 quod

436 3753 566 3813 apud
584 3752 886 3811 Ciceronem,
919 3766 969 3799 ν.
991 3752 1082 3800 241
1108 3756 1157 3799 et
1177 3754 1287 3809 242,
1325 3752 1450 3800 latus
1471 3759 1547 3799 est
1568 3752 1708 3798 linea.
1774 3751 1929 3813 Atqui
1949 3766 2102 3812 quum
2120 3751 2424 3811 triangulum

437 3817 503 3864 sit
523 3817 662 3880 quasi
683 3832 782 3865 una
801 3816 946 3874 linea,
968 3821 1104 3864 terna
1123 3816 1382 3864 inflexione
1395 3817 1447 3865 in
1459 3816 1671 3878 seipsam
1690 3814 1896 3874 rediens,
1918 3815 2065 3863 nimis
2086 3821 2307 3878 apertum
2331 3822 2421 3876 est,

436 3897 525 3930 cm·
547 3883 716 3931 Cicero
739 3882 867 3929 dicat
895 3879 1062 3929 Tertia
1077 3897 1193 3942 pars
1213 3883 1388 3929 lateris.

500 3947 581 3994 25.
616 3946 753 3996 Arcti
771 3962 857 3994 seu
887 3944 1118 4008 Romani]
1154 3946 1256 3994 Alii
1292 3946 1523 3994 Romame
1557 3947 1841 4008 coquominis
1874 3959 1993 3993 ursae
2021 3944 2289 4006 plaustrum
2302 3960 2319 3991 .·
2349 3944 2425 3992 vel

423 4012 584 4072 fides
603 4019 663 4059 st.
678 4027 730 4074 p.
751 4027 796 4059 v.
863 4011 1081 4059 Monm..

502 4076 581 4126 26.
616 4077 812 4126 Priscus
843 4075 967 4125 liber
1002 4091 1128 4126 vera.
1198 4075 1515 4126 scribendum
1554 4079 1627 4124 est
1662 4088 1795 4126 veroe.
1864 4073 2028 4123 Barth.
2051 4073 2177 4125 Λᾶν.
2202 4073 2423 4124 XLVII.
