2992 4842
519 555 616 606 cxii
1377 569 1643 608 nonam·

518 685 796 772 Jamque
831 685 1273 772 Sagittiferum
1301 687 1610 752 scandens
1638 710 1756 752 sua
1783 687 1991 752 sidera
2020 688 2229 753 reddit

519 771 876 858 Nunquam
903 773 1074 838 laetae
1103 772 1298 838 hiemi
1323 799 1340 852 ς
1385 773 1632 839 modice
1664 785 1879 839 tamen
1908 775 1977 838 in
2010 773 2421 859 Capricorno·
2450 792 2509 830 2⁰

519 857 951 943 Hydrochoon
983 858 1326 945 Piscesque
1355 859 1558 944 agitat
1584 859 1965 925 saevissimus
1992 860 2185 938 idem,

521 942 592 1008 Si
621 945 849 1009 statuit
875 967 1100 1010 currus
1130 968 1516 1031 quocunque
1546 947 1615 1010 in
1643 946 1847 1011 sidere
1876 946 2094 1011 fessos.

515 1027 834 1114 Lanigero
863 1041 1046 1096 tonat
1075 1043 1142 1095 et
1175 1029 1368 1096 Poeni
1395 1054 1511 1117 per
1539 1042 1723 1116 terga
1750 1031 1987 1096 Leonis
2010 1059 2025 1110 ;

517 1115 880 1201 Omniaque
909 1117 1194 1182 hibernis
1267 1120 1561 1182 ermiscet
1587 1118 1913 1182 mensibus
1943 1129 2131 1184 astra.

517 1201 616 1266 At
643 1223 840 1288 quom
873 1201 1196 1268 Phoebeos
1221 1139 1484 1268 {lavors
1514 1204 1813 1287 effugerit
1840 1203 2041 1288 ignes,

521 1285 667 1352 Sive
700 1287 890 1352 Aries
922 1289 1313 1374 Geminique
1344 1289 1539 1354 deum
1566 1291 1695 1354 sive
1726 1312 1869 1354 acre
1900 1289 2136 1354 Leonis

521 1372 715 1440 Sidus
743 1385 811 1440 et
839 1387 1113 1460 aequatae
1143 1375 1376 1440 librato
1406 1376 1686 1460 pondere
1721 1375 1962 1453 Chelae,

516 1458 662 1526 Aut
689 1484 842 1526 arcu
869 1461 1116 1546 pollens
1145 1472 1260 1525 aut
1289 1461 1511 1526 imbris
1548 1461 1754 1525 Fusor
1780 1461 2066 1538 habebit,

521 1544 568 1610 S
614 1547 823 1613 issatis
851 1569 1056 1612 caecus
1083 1547 1336 1611 nebulis
1365 1546 1775 1612 hebetabitur
1803 1557 1933 1624 aer,

587 1633 847 1718 ullaque
871 1633 1236 1782 praecipites
1265 1633 1603 1717 agitabunt
1632 1655 1893 1718 aequora
1920 1633 2115 1698 venti.

517 1717 646 1783 His
674 1719 844 1783 idem
897 1730 1079 1783 entos
1108 1719 1303 1803 signis
1333 1741 1528 1804 quom
1557 1719 1913 1804 supprimet
1940 1721 2123 1804 ignes

516 1803 799 1890 Belliger
829 1816 897 1870 et
925 1805 1106 1889 nigra
1133 1827 1356 1869 cursus
1386 1806 1660 1870 statione
1692 1806 1963 1884 tenebit,

513 1889 686 1955 Tum
713 1891 936 1956 crebro
965 1914 1234 1975 magnus
1262 1891 1510 1956 tonitru
1535 1891 1900 1977 pulsabitur
1928 1892 2153 1966 aether,

512 1974 686 2040 Tum
713 1977 994 2043 resoluta
1022 1977 1200 2042 dabit
1225 1977 1477 2041 nimbos
1508 2000 1654 2041 cum
1681 1978 1989 2062 grandine
2020 1979 2225 2042 nubes
2250 2003 2265 2055 ;

517 2061 647 2126 Sed
676 2063 897 2148 magis,
926 2062 1214 2128 hibernae
1243 2063 1498 2128 sciderit
1528 2087 1725 2148 quom
1754 2064 1961 2128 sidera
1986 2064 2210 2149 partis,

513 2147 829 2213 Effundet
856 2161 1023 2214 totas
1051 2149 1331 2213 violento
1359 2150 1624 2214 numine
1652 2149 1836 2214 vireS.

513 2232 612 2298 At
640 2235 917 2300 modicos
943 2235 1200 2312 imbreS‚
1233 2235 1418 2320 proni
1450 2259 1645 2321 quom
1676 2259 1914 2300 cornua
1940 2235 2139 2299 Tauri

513 2319 1040 2406 Frugiferamque
1070 2321 1252 2386 deam
1280 2321 1381 2385 vel
1407 2321 1764 2386 brumalem
1796 2321 2253 2406 Capricornum

512 2406 850 2490 Attigerit,
880 2406 1126 2491 liquido
1153 2430 1284 2471 non
1313 2429 1519 2472 saevus
1548 2408 1628 2472 ab
1660 2407 1898 2471 aethere
1926 2407 2171 2472 fundet.

513 2491 802 2557 Insertus
835 2492 1101 2571 Cancro,
1132 2504 1331 2557 terras
1361 2515 1557 2578 quom
1586 2493 1797 2558 letifer
1826 2505 1975 2558 ortu

513 2578 720 2642 Sirius
748 2577 1006 2657 afflavit,
1036 2579 1362 2644 nocituros
1390 2590 1709 2665 temperat
1737 2591 1951 2644 aestus.

517 2664 812 2750 Scorpios
840 2677 908 2730 at
934 2664 1160 2750 primae
1192 2687 1320 2749 qua
1349 2665 1520 2729 tollit
1548 2666 1842 2730 acumina
1869 2665 2089 2730 caudae

512 2750 897 2836 Frigidaque
928 2752 1203 2816 extremi
1223 2753 1357 2838 jam
1387 2752 1694 2815 claudunt
1721 2751 1927 2816 sidera
1955 2751 2195 2827 Pisces,

511 2837 755 2902 Martia
781 2860 913 2901 non
941 2836 1084 2902 illos
1113 2837 1403 2902 turbabit
1431 2837 1636 2916 stella,
1666 2860 1877 2922 neque
1906 2837 2109 2902 imbre

513 2923 656 2987 Aut
681 2922 814 2988 ulla
841 2924 1073 2988 condet
1099 2923 1337 2987 nitidos
1366 2923 1635 3007 caligine
1666 2924 1848 2988 soles,

515 3009 644 3074 Sed
672 3008 727 3073 si
754 3009 919 3074 forte
949 3009 1118 3074 diem
1146 3011 1350 3074 victus
1378 3010 1721 3074 mutaverit
1750 3017 1857 3074 aer

577 3181 655 3231 19.
685 3180 881 3245 Sidera]
917 3181 984 3230 Ir.

575 3249 656 3298 24.
689 3246 920 3296 Hibernis
980 3247 1072 3296 Bu.
1099 3245 1164 3294 Ir.

573 3313 652 3361 25.
687 3311 752 3359 At
771 3327 910 3374 quom
971 3312 1067 3360 Bu.
1093 3311 1160 3359 Ir.

573 3379 653 3425 28.
689 3375 868 3438 Fauor]
905 3377 1002 3426 Bu.
1024 3377 1090 3424 Ir.

573 3443 651 3490 29.
689 3439 938 3503 Spissatis]
980 3442 1067 3490 Or.
1100 3441 1320 3502 (Siccatae
1341 3441 1473 3489 enim
1493 3441 1672 3489 nebulae
1697 3438 1845 3488 nullae
1866 3438 2021 3497 sunt.)

573 3509 653 3555 31.
687 3504 984 3569 Supprimet]
1022 3506 1088 3554 Ir.
1295 3538 1300 3542 ·

576 3573 655 3620 35.
689 3571 923 3634 Sciderit]
960 3571 1044 3618 Or.
1075 3574 1255 3618 steterit
1277 3586 1417 3634 quom
1435 3570 1586 3617 sidere
1609 3569 1677 3620 Ir.

573 3639 652 3686 36.
684 3635 919 3698 Violento]
957 3635 1130 3684 Heius.
1157 3635 1228 3682 Ir.

573 3703 650 3754 37.
688 3701 775 3764 At]
813 3701 1086 3752 Helvetius.
1122 3699 1189 3748 Ir.
1256 3698 1423 3761 (Ibid.)
1445 3698 1615 3762 proni]
1652 3698 1923 3746 Helvetius.
1960 3697 2028 3744 Ir.

571 3771 650 3818 39.
687 3766 934 3830 Attiyerit]
970 3767 1039 3815 Ir.

574 3836 656 3882 40.
691 3831 933 3894 Insertus]
971 3829 1247 3881 Helvetius.
1281 3828 1348 3877 Ir.

571 3900 654 3947 42.
691 3898 1027 3945 Emendarunt
1048 3895 1224 3943 Heius.
1253 3900 1302 3942 et
1322 3894 1391 3942 Ir.

571 3965 651 4011 44.
689 3963 876 4010 Martia
895 3977 992 4010 non
1011 3962 1120 4009 illos
1139 3959 1349 4008 turbabit
1369 3956 1531 4020 stelhz]
1568 3957 1713 4005 Helv.
1736 3955 1805 4004 Ir.
1870 3954 2037 4017 (Ibid.)
2068 3953 2239 4016 imbre]
2279 3954 2345 4001 Ir.

2448 2507 2503 2546 40

573 4029 650 4075 46.
689 4027 838 4074 Hunc
859 4043 902 4075 v,
927 4041 1024 4074 non
1045 4024 1279 4086 intelligo.
1349 4023 1526 4071 Fuitne
1546 4040 1557 4069 ε
1595 4021 1689 4080 sed
1710 4023 1751 4068 si
1760 4022 1895 4081 sorte
1912 4023 2036 4070 diem
2058 4023 2218 4069 varias
2240 4019 2495 4068 mutaverit

507 4093 608 4149 a'e’r,
633 4107 694 4139 an
717 4091 791 4139 die
813 4091 982 4154 (genit.
1003 4091 1126 4150 ant.)
1146 4091 1327 4138 vultum
1351 4091 1606 4136 mutaverit
1628 4089 1713 4134 αὲν
1734 4085 1761 4132 1³
1825 4086 1907 4133 Or.
