2992 4842
1250 601 1551 647 annm.
2354 577 2443 644 25

449 738 769 808 Omnibus
797 741 896 805 his
921 739 1162 826 gemini
1189 751 1444 820 motus;
1491 761 1767 825 quorum
1796 737 1959 803 alter
1987 738 2068 802 ab
2096 736 2251 823 ipsis

449 829 757 893 Nascitur
785 838 852 896 et
876 827 1163 912 proprios
1193 827 1476 892 ostendit
1500 827 1703 891 sidere
1731 825 1932 902 nisus,

448 914 658 994 (Tunc
685 915 1000 978 mundum
1029 913 1312 978 subeunt
1338 913 1518 978 lento
1544 911 1707 998 pede
1728 911 1773 995 ε)
1800 910 2088 976 concitus
2116 909 2279 974 alter

449 999 695 1064 Invitos
723 1000 891 1085 rapit
916 1010 984 1063 et
1011 999 1152 1063 caeli
1180 999 1589 1064 circumrotat
1617 998 1857 1063 orbem.

448 1085 694 1150 Annua
724 1083 837 1151 Sol
863 1084 1110 1148 medius
1139 1084 1430 1168 designat
1459 1095 1769 1169 tempora,
1803 1083 2053 1147 Phoebe
2376 1081 2435 1129 ¹⁰

448 1170 791 1236 Menstrua
812 1196 829 1249 3
875 1192 1154 1254 namque
1181 1192 1351 1234 anno
1376 1170 1593 1234 Solem
1618 1192 1901 1234 remeare
1926 1167 2192 1246 videbis,

448 1256 732 1321 Moverit
751 1256 926 1321 unde
957 1278 1104 1321 suos
1135 1278 1358 1320 currus
1389 1278 1505 1340 per
1536 1257 1717 1339 signa
1745 1255 2049 1320 volantes.

450 1342 596 1406 Hoc
624 1343 877 1428 peragit
905 1343 1186 1427 spatium
1213 1342 1503 1407 breviore
1530 1341 1784 1406 citatior
1811 1340 1965 1404 orbe

451 1427 749 1492 Mensem
777 1428 1134 1512 expleturis
1165 1427 1414 1493 Phoebe
1443 1438 1747 1492 contenta
1770 1427 2017 1490 diebus.

450 1512 731 1578 Annuus
757 1525 857 1579 est
885 1512 1129 1578 Veneri
1155 1536 1402 1591 cursus,
1432 1536 1647 1598 neque
1670 1513 1909 1578 tardior
1932 1512 2045 1576 illa
2380 1511 2437 1558 15

448 1599 850 1726 Megcuriust
896 1599 1082 1729 bin'os
1115 1599 1715 1728 Grpdivus'perfic'it
1744 1599 1948 1726 orbes,
2066 1684 2107 1726 ι
2283 1683 2322 1721 a}

1121 1922 1593 2008 Fraqmentum
1626 1923 1674 1987 I
1686 1923 1753 1986 V.

1049 2113 1136 2128 -
1168 2077 1308 2145 Cur
1337 2078 1533 2144 divite
1563 2079 1789 2164 lingua

447 2163 754 2248 †Graecia
783 2187 1170 2251 praecurram
1197 2166 1414 2252 potius
1445 2188 1639 2251 quam
1672 2163 1991 2252 triangula
2018 2164 2265 2232 dicam?

954 2742 1090 2807 III.
1181 2741 1935 2809 EPIGRAMMATA.

1179 2926 1615 2991 ErmaAMMA
1648 2924 1705 2990 Ι.

735 3064 844 3127 Ad
869 3063 1170 3128 Hectoris
1205 3063 1568 3129 Tumulum.
1605 3065 1768 3144 (Gr.
1799 3072 1866 3130 et
1896 3065 2095 3139 Lat.)

450 3195 745 3261 MARTIA
774 3197 1130 3281 progenies,
1165 3195 1432 3276 Hector,
1464 3195 1696 3262 tellure
1725 3197 1845 3261 sub
1874 3196 2003 3262 ima

536 3282 686 3365 (Fas
715 3282 936 3346 audire
965 3293 1182 3348 tamen
1214 3283 1268 3347 si
1295 3306 1439 3348 mea
1465 3283 1659 3348 verba
1687 3283 1830 3366 tibi)

451 3368 749 3453 Respira,
784 3369 1088 3453 quoniam
1116 3368 1358 3433 vindex
1385 3369 1507 3432 tibi
1536 3368 1806 3452 contigit
1835 3369 2041 3448 heres,

539 3452 675 3520 Qui
704 3453 931 3539 patriae
962 3453 1194 3518 famam
1224 3454 1508 3540 proferat
1538 3476 1741 3539 usque
1773 3465 1927 3520 tuae.

451 3538 608 3604 Ilios
639 3562 720 3603 en
747 3539 956 3624 surgit
983 3562 1262 3616 rursum,
1293 3540 1517 3605 inclita
1543 3563 1703 3624 gens
1732 3540 1883 3605 colit
1909 3541 2106 3621 illam,

536 3626 631 3689 Te
663 3636 866 3690 marte
895 3624 1179 3707 inferior,
1208 3623 1443 3691 Martis
1473 3627 1675 3690 amica
1704 3636 1943 3692 tamen.

450 3711 894 3796 Myrmidonas
921 3711 1184 3796 periisse
1205 3734 1425 3776 omnes
1457 3711 1580 3790 dic,
1614 3710 1882 3791 Hector,
1917 3712 2181 3792 Achilli,

536 3796 927 3862 Thessaliam
960 3807 1027 3862 et
1054 3798 1300 3883 magnis
1330 3821 1467 3862 esse
1498 3798 1620 3862 sub
1653 3797 1983 3864 AEneadis.

595 3955 827 4035 ''Em-op,
853 3961 1053 4037 ἀρήϊον
1079 3960 1242 4038 αἷμα,
1269 3963 1406 4018 κατὰ
1431 3958 1635 4038 χθονὸς
1666 3955 1721 4018 εἴ
1743 3982 1818 4016 πυ
1844 3959 2072 4031 ἀκούεις,

689 4048 888 4131 Χαῖρε
915 4055 1010 4111 καὶ
1038 4055 1356 4132 ἅμπνευσον
1397 4049 1573 4127 βαιὸν
1600 4050 1739 4131 ὑπὲρ
1767 4052 2043 4130 πατρίδος.
2204 4128 2239 4168 E
