2992 4842
1225 597 1525 645 ARATEA.
2329 581 2368 644 7

372 739 597 805 Axem
626 749 778 805 actu⁴
806 747 1092 824 torquet,
1124 749 1308 804 tanto
1338 738 1656 826 pernicior
1683 739 1792 804 ille

372 826 712 890 Distantes
738 847 941 890 cornu
967 835 1273 909 properat
1299 825 1675 910 contingere
1703 834 1930 890 metas.

376 912 566 976 Clara
594 933 712 976 nec
742 922 843 975 est
870 911 968 975 illi
992 911 1209 988 facies,
1240 933 1361 975 nee
1388 911 1597 976 sidera
1622 921 1916 997 possunt,

375 997 638 1062 Officiat
667 998 723 1061 si
752 996 966 1074 Luna,
997 1019 1115 1061 sua
1140 997 1380 1062 virtute
1409 997 1641 1061 nitere.
2276 1001 2370 1049 230

376 1083 510 1148 Sed
540 1082 929 1168 quaerendus
953 1083 1079 1146 erit
1107 1105 1293 1147 zonae
1322 1105 1359 1146 e
1387 1083 1651 1167 regione
1679 1083 1976 1148 micantis

371 1169 806 1234 Andromedae
830 1194 847 1246 ;
894 1168 1051 1232 terit
1071 1166 1175 1232 hic
1203 1167 1437 1233 summi
1466 1168 1739 1234 divortia
1761 1167 2009 1247 mundi,

374 1254 476 1320 Ut
507 1252 753 1332 Chelae,
786 1254 1064 1318 candens
1092 1263 1170 1318 ut
1195 1254 1449 1319 balteus
1481 1252 1766 1320 Orionis.

460 1339 587 1404 Est
616 1341 813 1404 etiam
842 1343 1139 1425 propiore
1168 1340 1362 1404 deum
1390 1363 1772 1424 cognoscere
1803 1340 2010 1424 signo,
2115 1349 2370 1382 numm.

372 1425 695 1490 Deltoton
722 1426 779 1489 si
808 1426 1283 1511 quis—donum
1312 1426 1433 1491 hoc
1461 1426 1809 1511 spectabile
1842 1427 1982 1492 Nili
2277 1450 2372 1497 235

374 1511 707 1576 Divitibus
734 1522 1113 1595 generatum
1142 1512 1491 1576 undis—in
1521 1512 1670 1576 sede
1697 1513 1972 1590 notabit,

374 1597 539 1662 Tres
565 1597 661 1661 illi
690 1597 963 1662 laterum
994 1597 1264 1662 ductus:
1313 1606 1574 1682 aequata
1603 1598 1877 1663 duorum

377 1682 552 1748 Sunt
582 1683 787 1768 spatia
816 1708 831 1760 ;
876 1683 1072 1748 unius
1100 1685 1373 1760 brevior,
1406 1683 1520 1747 sed
1547 1682 1774 1748 clarior
1801 1683 1974 1767 igne.

378 1767 581 1833 Hunc
611 1767 801 1832 Aries
824 1769 1020 1853 juxta
1053 1793 1070 1846 3
1116 1768 1401 1832 medium
1432 1768 1751 1834 Deltoton
1779 1768 2044 1834 habebit

375 1854 567 1919 Inter
592 1853 865 1936 lanigeri
892 1863 1149 1938 tergum
1178 1863 1247 1918 et
1278 1853 1610 1938 Cepheida
1633 1864 1944 1920 maestam.
2278 1856 2374 1904 240

468 1939 668 2003 Hunc
697 1939 871 2003 ultra
902 1939 1169 2004 Gemini
1200 1939 1419 2005 Pisces
1443 1965 1461 2019 ς
1509 1961 1787 2025 quorum
1815 1940 1978 2004 alter
1998 1941 2068 2004 in
2093 1940 2372 2004 Austros

376 2021 642 2102 Tendit,
673 2025 1043 2090 Threicium
1071 2024 1330 2090 Borean
1355 2026 1527 2112 petit
1553 2026 1716 2090 alter
1745 2036 1813 2091 et
1845 2026 2029 2090 audit
2174 2026 2371 2075 [mena

382 2109 743 2176 Stridentes
773 2133 981 2189 auras,
1012 2111 1233 2175 niveus
1263 2133 1423 2196 quas
1450 2121 1748 2196 procreat
1781 2111 2078 2178 Haemus.

380 2195 537 2260 Non
567 2196 692 2260 illis
720 2195 887 2260 liber
913 2219 1153 2274 cursus,
1184 2197 1299 2261 sed
1324 2197 1580 2262 vincula
1606 2197 1810 2262 cauda

382 2281 656 2366 Singula
682 2291 1037 2366 utrumque
1064 2292 1315 2361 tenent,
1344 2305 1479 2348 uno
1513 2283 1811 2349 coeuntia
1835 2282 2028 2346 nodo.
2278 2283 2374 2331 245

381 2365 649 2432 Nodum
676 2366 861 2432 stella
888 2368 1144 2453 premit.
1236 2367 1461 2447 Piscis,
1493 2369 1608 2454 qui
1633 2368 1893 2453 respicit
1925 2389 2114 2434 auras

382 2453 732 2530 ThreiciaS,
764 2453 1061 2518 dextram
1091 2453 1528 2520 Andromedae
1558 2465 1862 2519 cernetur
1881 2454 1962 2519 ad
1989 2453 2230 2518 ulnam.

472 2539 711 2604 Subter
739 2549 1090 2624 utrumque
1119 2540 1350 2625 pedem
1379 2541 1628 2605 devotae
1657 2539 1948 2625 Virginis
1976 2540 2108 2605 ales
2151 2545 2373 2580 ‘⁸⁸⁸⁰‘-

383 2625 655 2690 Perseos
685 2623 927 2708 effigies
954 2636 1221 2690 servatae
1251 2635 1435 2709 grata
1460 2626 1720 2711 puellae.

384 2709 600 2774 Moles
627 2710 767 2795 ipsa
791 2710 912 2774 viri
930 2711 1095 2774 satis
1126 2720 1225 2776 est
1250 2720 1489 2776 testata
1518 2721 1875 2796 parentem,
2276 2711 2374 2759 2⁵⁰

383 2796 637 2861 Tantus
666 2795 911 2880 ubique
937 2796 1155 2873 micat,
1184 2805 1443 2862 tantum
1473 2807 1742 2882 occupat
1768 2796 1850 2860 ab
1880 2795 2038 2862 Jove
2065 2796 2228 2862 caeli.

282 2898 288 2902 ·
384 2880 703 2959 Dextera,
734 2881 1007 2946 sublatae
1038 2881 1281 2960 similis,
1312 2904 1514 2968 prope
1545 2879 1979 2967 Cassiepeiam

388 2966 697 3031 Sublimis
723 2966 933 3051 fulget
954 2991 972 3044 ς
1016 2967 1292 3051 pedibus
1317 2989 1664 3053 properare
1688 2968 1946 3033 videtur

384 3053 480 3118 Et
506 3053 669 3118 velle
700 3051 953 3136 aligeris
982 3074 1221 3138 purum
1250 3053 1495 3118 aethera
1521 3054 1766 3118 findere
1793 3054 2051 3139 plantis.

472 3136 729 3223 Poplite
758 3139 885 3202 sub
907 3137 1091 3217 laevo,
1123 3137 1323 3203 Tauri
1350 3139 1704 3204 certissima
1729 3140 1933 3224 signa,
1995 3143 2239 3180 nunnae.
2277 3139 2372 3187 255

384 3221 681 3289 Pleiades
710 3223 1069 3302 suberunt;
1109 3225 1319 3290 brevis
1343 3236 1409 3290 et
1434 3226 1612 3290 locus
1641 3235 1910 3310 occupat
1937 3247 2157 3290 omnes
2181 3251 2197 3304 3

387 3308 531 3373 Nec
556 3309 773 3374 faciles
802 3310 999 3388 cerni,
1030 3310 1155 3374 nisi
1184 3311 1358 3396 quod
1378 3310 1680 3378 coeuntia
1705 3311 1893 3397 plura

388 3395 615 3459 Sidera
638 3417 1041 3460 communem
1068 3397 1420 3460 ostendunt
1448 3419 1536 3462 ex
1566 3397 1860 3461 omnibus
1886 3398 2126 3481 ignem.

387 3480 653 3564 Septem
684 3481 1029 3544 traduntur
1054 3501 1348 3560 numerO,
1378 3482 1491 3547 sed
1520 3483 1806 3568 carpitur
1831 3505 1985 3561 una,

384 3565 747 3631 Deficiente
777 3565 961 3631 oculo
990 3567 1385 3652 distinguere
1414 3589 1682 3653 corpora
1707 3591 1930 3654 parva3
2276 3567 2372 3616 260

384 3650 672 3716 Nomina
700 3652 814 3716 sed
841 3653 1088 3717 cunctis
1118 3655 1388 3718 servavit
1414 3655 1546 3719 fida
1571 3664 1856 3719 vetustas
1879 3677 1895 3718 z

385 3737 668 3816 Electra,
700 3736 1144 3824 Alcyoneque,
1180 3737 1594 3826 Celaenoque,
1627 3738 2052 3826 Meropeque,

386 3821 491 3887 Ac
523 3823 816 3908 Sterope,
850 3833 917 3888 et
945 3823 1254 3909 Taygete,
1286 3835 1354 3889 et
1382 3823 1585 3903 Maia,
1612 3837 1882 3910 parente
1913 3858 1918 3864 ⁸

389 3906 689 3973 Caelifero
714 3910 983 3994 genitae;
1030 3909 1088 3974 si
1116 3932 1263 3974 vere
1294 3912 1576 3977 sustinet
1604 3911 1792 3976 Atlas

385 3991 620 4078 Regna
638 3994 813 4060 Jovis
834 4017 1096 4080 superos
1143 4019 1248 4073 ue,
1274 4006 1474 4082 atque
1498 3996 1640 4082 ipso
1668 3996 1950 4083 pondere
1979 3996 2237 4081 gaudet.
2277 3995 2374 4045 265

387 4079 668 4146 Lumine
698 4103 831 4145 non
858 4081 1081 4148 multis
1167 4081 1322 4148 leias
1352 4084 1688 4148 certaverit
1716 4082 1934 4160 astris3
