2992 4842
1288 617 1600 664 senona.
2357 596 2435 662 51

444 759 861 824 infestantem
884 784 901 838 ;
947 760 1052 824 eui
1080 757 1252 826 Cani
1278 759 1484 825 fatum
1516 769 1634 836 est,
1655 780 1737 822 ne
1756 758 1837 823 ab
1857 755 1987 821 ullo
2009 766 2225 842 posset
2240 757 2441 824 inter-

447 846 573 923 fici,
600 847 887 931 itemque
918 844 1140 930 Vulpi.
1231 845 1490 944 Jupiter
1529 867 1678 910 vero
1717 835 2006 928 Vulpem
2052 843 2122 907 in
2163 844 2441 928 lapidem

446 932 783 1010 convertit,
818 942 884 996 et
916 929 1165 998 Canem
1193 942 1379 996 astris
1408 931 1652 995 intulit.
1745 929 2172 1014 AmphianuS,
2201 939 2442 1014 tragoe-

446 1017 695 1082 diarum
754 1017 1047 1101 scriptor,
1102 1017 1322 1097 refert,
1379 1016 1552 1102 quod
1609 1039 1755 1080 cum
1811 1016 2176 1080 hominibus
2235 1016 2440 1080 stellae
2502 1035 2516 1052 ·

444 1103 885 1188 relinquerent
899 1103 1132 1180 locum,
1154 1104 1382 1166 missus
1401 1113 1503 1166 est
1519 1101 1766 1186 legatus
1792 1100 1988 1166 Canis
2007 1103 2086 1166 ad
2112 1101 2442 1182 Doloram,

442 1209 640 1336 quam
672 1199 747 1252 ut
776 1189 958 1266 vidit,
990 1200 1276 1273 tempore
1308 1189 1687 1272 tempestivo
1729 1187 2085 1264 adamavit3
2133 1186 2244 1273 qui
2293 1209 2439 1251 eum

490 1285 745 1357 agraret
766 1297 1003 1351 amore,
1028 1297 1147 1339 nec
1163 1285 1382 1359 posset
1402 1274 1551 1352 frui,
1569 1274 1773 1358 magis
1791 1273 2074 1358 asperius
2096 1273 2400 1336 urebatur
2419 1299 2436 1351 ;

446 1360 807 1424 calamitate
853 1370 1134 1444 accepta,
1180 1371 1248 1424 et
1292 1359 1470 1424 Deos
1511 1361 1835 1445 adjutores
1872 1359 2162 1423 invocare
2206 1359 2437 1442 caepit3

445 1456 590 1508 tum
608 1445 827 1530 aquilo
850 1446 1027 1509 misit
1045 1445 1211 1509 filios
1231 1468 1377 1509 suos
1398 1446 1832 1510 adolescentes
1855 1445 1966 1531 qui
1994 1467 2252 1528 operam
2279 1444 2439 1508 Cani

444 1531 797 1608 traderent,
850 1541 917 1594 et
944 1531 1082 1616 ipse
1111 1532 1272 1595 flatu
1312 1554 1429 1596 suo
1464 1531 1656 1596 Canis
1703 1531 1992 1595 ardorem
2025 1530 2285 1606 sedavit,
2324 1530 2437 1616 qui

442 1616 635 1680 flatus
676 1617 920 1681 Etesiae
957 1617 1217 1695 dicitur-3
1267 1618 1499 1682 amoris
1523 1629 1740 1682 autem
1770 1617 2078 1680 memoria
2107 1619 2433 1681 remansit.

534 1702 703 1766 Sunt
734 1703 847 1788 qui
876 1704 1065 1767 aliter
1094 1715 1471 1768 memorent.
1566 1702 1808 1767 Icarius
1831 1725 1868 1765 a
1892 1701 2130 1766 Libero
2158 1702 2435 1786 hospitio

442 1800 739 1872 receptus
769 1801 888 1866 est,
921 1789 1032 1874 qui
1063 1789 1125 1852 ei
1150 1790 1220 1853 in
1250 1811 1518 1853 munere
1559 1801 1770 1852 utrem
1815 1789 2080 1871 plenum
2125 1788 2273 1852 vino
2323 1789 2437 1851 tri-

442 1873 610 1950 buit,
624 1875 967 1960 jussitque,
988 1888 1062 1939 ut
1083 1876 1152 1938 in
1171 1875 1447 1962 reliquas
1472 1886 1675 1939 terras
1698 1884 2098 1958 propagaret.
2192 1873 2436 1938 Icarius

443 1958 673 2023 dehinc
713 1960 1099 2038 Athenaeus,
1149 1983 1293 2024 cum
1321 1963 1390 2025 in
1423 1974 1660 2025 terram
1708 1960 1999 2025 Atticam
2029 1959 2109 2022 ad
2149 1970 2435 2043 posteros

444 2044 825 2123 devenisset,
870 2048 961 2112 eis
1007 2069 1209 2132 genus
1249 2048 1369 2112 hoc
1398 2046 1728 2110 suavitatis
1777 2045 2104 2123 ostendit3
2150 2055 2435 2129 pastores

442 2140 662 2194 autem
718 2153 863 2196 cum
916 2133 1397 2197 immoderatius
1444 2134 1765 2209 biberent,
1815 2132 1977 2195 ebrii
2022 2131 2175 2194 facti
2227 2131 2436 2194 conci-

442 2215 695 2282 derunt.
786 2217 922 2284 Qui
974 2220 1355 2284 arbitrantes
1411 2218 1692 2282 Icarium
1731 2217 1972 2281 malum
2012 2216 2437 2280 medicamen-

442 2312 581 2366 tum
614 2303 739 2367 sibi
769 2303 1034 2381 dedisse,
1076 2327 1227 2368 eum
1265 2305 1543 2369 fustibus
1582 2304 2063 2368 interfecerunt.
2156 2302 2436 2367 Icarium

438 2398 660 2452 autem
688 2391 964 2454 occisum
995 2389 1215 2468 CauiS,
1248 2391 1361 2476 qui
1389 2413 1536 2454 cum
1565 2413 1641 2455 eo
1662 2391 1892 2467 fuerat,
1927 2387 2135 2452 Maera
2151 2389 2431 2466 nomine,

442 2473 719 2551 ululans,
751 2475 1059 2560 Erigonae
1090 2478 1227 2561 ejus
1250 2478 1401 2540 filiae
1432 2476 1832 2553 monstravit,
1881 2476 1996 2538 ubi
2034 2485 2220 2559 pater
2262 2475 2432 2538 inse-

438 2560 663 2642 pultus
683 2562 965 2646 jaceret3
1011 2585 1161 2647 quae
1190 2586 1339 2627 cum
1368 2563 1665 2639 venisset,
1699 2563 1838 2647 ejus
1867 2583 2096 2646 eorpus
2119 2561 2430 2644 sepelivit,

440 2645 712 2730 ipsaque
753 2670 821 2711 se
860 2648 931 2712 in
960 2659 1180 2712 monte
1230 2648 1550 2731 Hymetto
1591 2647 1884 2724 contulit,
1933 2647 2154 2730 ibique
2200 2646 2433 2731 laqueo

440 2731 562 2795 sibi
590 2743 863 2797 mortem
892 2734 1216 2798 conscivit.
1306 2733 1491 2798 Tunc
1523 2734 1756 2798 dicitur
1787 2732 1985 2797 Liber
2013 2756 2052 2796 a
2080 2732 2237 2796 Jove
2266 2732 2433 2815 peti-

439 2816 585 2894 isse,
629 2830 709 2882 ut
757 2819 1107 2903 Erigonem
1152 2831 1220 2884 et
1252 2819 1530 2884 Icarium
1572 2820 1757 2884 astris
1801 2819 2084 2882 inferret.
2174 2816 2432 2900 Jupiter

438 2914 681 2981 autem,
712 2905 929 2970 audita
958 2908 1098 2991 ejus
1128 2906 1460 2989 petitione,
1493 2906 1846 2989 Erigonem
1865 2905 2118 2988 signum
2139 2901 2430 2986 Virginis

440 2989 827 3070 nominavit3
877 2991 1159 3056 Icarium
1228 3004 1446 3057 autem
1519 3002 1771 3076 patrem
1829 2992 1988 3076 ejus,
2050 2989 2427 3054 Arcturum.

443 3073 580 3140 Qui
608 3097 758 3140 cum
788 3079 1104 3153 exoritur,
1154 3087 1570 3162 tempestates
1617 3077 1780 3140 mari
1826 3086 2144 3160 terraeque
2188 3075 2425 3152 efficit;

439 3181 715 3246 cumque
748 3162 1044 3229 Athenas
1065 3164 1434 3248 pestilentia
1462 3162 1876 3248 opprimeret,
1911 3185 1996 3226 ex
2037 3161 2290 3225 oraculo
2330 3183 2430 3224 re-

438 3268 743 3329 sponsum
772 3260 893 3326 est,
925 3261 1311 3315 cessaturam
1338 3249 1796 3334 pestilentiam,
1828 3248 1882 3312 si
1910 3271 2027 3332 per
2056 3269 2255 3311 annos
2301 3247 2430 3310 sin-

436 3332 621 3413 gulos
650 3334 730 3397 de
756 3334 1051 3419 frugibus
1080 3347 1149 3398 et
1168 3336 1486 3399 vindemia
1512 3334 1717 3399 Icario
1735 3344 1802 3397 et
1819 3334 2123 3416 Erigonae
2146 3333 2428 3416 primum

438 3417 850 3485 delibaretur.
945 3421 1141 3486 Quod
1178 3421 1420 3485 factum
1466 3431 1567 3484 est
1610 3420 1692 3484 ab
1735 3419 2262 3496 AtheniensibuS‚
2313 3419 2428 3502 qui

438 3502 665 3568 diebus
717 3506 895 3570 festis
940 3507 1255 3571 institutis
1314 3530 1453 3572 aras
1512 3507 2023 3582 constituerunt3
2068 3506 2214 3568 ideo
2275 3505 2430 3588 quia

436 3588 611 3654 illam
644 3593 1033 3674 pendentem
1079 3604 1494 3676 aspexerunt,
1546 3593 1719 3676 quod
1764 3603 1862 3656 est
1903 3592 2076 3676 apud
2123 3591 2423 3667 Graecos;

435 3697 525 3739 ex
556 3698 685 3760 quo
713 3677 957 3741 factum
997 3689 1118 3755 est,
1156 3689 1234 3742 ut
1274 3678 1393 3742 soli
1430 3679 1649 3743 oscillo
1680 3679 2080 3763 jactarentur
2115 3676 2424 3741 homines·

440 3758 637 3826 Canis
667 3774 881 3827 autem
917 3762 1123 3842 Icarii,
1168 3764 1282 3849 qui
1322 3764 1580 3828 ululans
1625 3773 1777 3828 ante
1818 3764 2047 3848 pedem
2086 3761 2426 3847 pendentis

436 3844 726 3931 Virginis
764 3859 1055 3914 mortuus
1095 3861 1215 3928 est,
1254 3850 1617 3934 Astrocyon
1660 3850 2047 3925 nominatur,
2099 3846 2271 3931 quod
2309 3868 2426 3909 nos

440 3932 633 3998 Canis
661 3935 908 3999 stellam
938 3936 1245 4013 dicimus;
1294 3937 1405 4020 qui
1435 3937 1518 3999 ob
1549 3936 1813 4000 eandem
1844 3956 2118 4010 causam,
2170 3931 2426 4016 quando

437 4021 753 4098 exoritur,
774 4044 1085 4086 summam
1106 4022 1538 4107 pestilentiam
1558 4021 1924 4086 hominibus
1943 4019 2113 4084 facit.
2204 4017 2426 4082 Habet

437 4117 651 4171 autem
682 4107 919 4184 stellas,
942 4109 1012 4172 in
1042 4108 1249 4194 capite
1280 4131 1499 4187 unam,
1545 4130 1692 4191 quae
1738 4107 1858 4174 Isis
1899 4105 2154 4183 dicitur,
2196 4105 2426 4170 claram
