2992 4842
584 584 670 648 28
1385 605 1779 651 caninum:

583 766 838 821 narum,
925 766 1155 808 uorum
1185 746 1478 830 quaedam
1508 746 1778 824 minora,
1818 746 2115 830 quaedam
2146 747 2475 832 ampliora,
2508 756 2576 812 et

574 830 826 915 populo
872 767 1258 915 Canophora
1289 833 1633 897 dicuntur:
1682 833 1793 896 sed
1822 833 2256 918 compensatio
2287 833 2575 917 quinque

585 916 878 1000 partibus
897 918 1178 980 creditur
1201 917 1530 1002 applicari,
1549 929 1627 982 ut
1648 919 1779 982 sint
1800 941 2018 982 omnes
2039 918 2341 1002 Signiferi
2363 931 2576 1004 partes

591 999 992 1067 CCCLXV.
1086 1002 1344 1068 Horum
1395 1003 1771 1088 incipientia
1820 1005 1900 1068 ab
1954 1004 2205 1081 Ariete,
2254 1005 2379 1068 alia
2422 1015 2576 1069 sunt

585 1088 1010 1152 masculorum
1041 1089 1383 1168 natalibuS,
1413 1090 1537 1154 alia
1557 1090 1986 1155 foeminarum.
2075 1091 2243 1154 Item
2272 1101 2576 1174 quartum

633 1197 848 1258 uoque
877 1195 1122 1251 eorum,
1155 1185 1269 1239 aut
1299 1176 1637 1260 tropicum,
1668 1186 1783 1239 aut
1810 1176 2108 1253 solidum,
2132 1187 2246 1239 aut
2269 1175 2575 1243 deforme.

629 1259 869 1344 ncipiet
896 1260 1322 1325 dinumeratio
1351 1262 1432 1326 ab
1465 1262 1705 1325 Ariete.
1798 1261 1995 1345 Signa
2022 1262 2413 1346 tropicorum
2445 1261 2575 1326 duo

587 1356 743 1409 sunt
793 1345 1287 1430 aequinoctialia,
1349 1347 1537 1412 Aries
1582 1357 1651 1412 et
1703 1345 1934 1412 Libra:
2002 1347 2131 1412 duo
2189 1346 2571 1423 solstitialia,

589 1428 1019 1517 Capricornus
1048 1443 1116 1497 et
1148 1430 1410 1497 Cancer.
1502 1432 1791 1517 Tropicis
1818 1433 2113 1518 proxima
2152 1432 2353 1498 solida
2396 1442 2577 1498 ante-

584 1517 796 1602 posita
822 1517 920 1580 his
949 1517 1278 1608 deformia.

706 1685 832 1752 Hic
891 1696 990 1753 est
1047 1687 1380 1752 stellarum
1441 1686 1599 1753 ordo
1660 1700 2083 1776 utrorumque
2142 1689 2573 1756 circulorum:

589 1769 1078 1858 Septentriones
1137 1774 1422 1859 duplices
1467 1774 1551 1838 ad
1600 1786 1891 1840 austrum
1950 1786 2312 1854 vertuntur,
2370 1777 2578 1860 figura

587 1858 820 1924 aversis
849 1859 1065 1924 caudis
1093 1859 1362 1924 invicem
1393 1859 1515 1923 sibi
1544 1861 1983 1926 adversantes:
2028 1862 2202 1926 inter
2253 1885 2415 1946 quas
2462 1864 2579 1927 ob-

587 1943 804 2030 liquus
834 1945 1142 2010 dilabitur
1188 1945 1422 2010 Draco·
1517 1945 1657 2012 Sub
1702 1946 1896 2010 unius
1942 1970 2221 2032 namque
2268 1948 2433 2032 pede
2478 1959 2579 2012 est

591 2030 1066 2115 serpentarius,
1107 2033 1290 2118 cujus
1341 2031 1735 2116 Serpentarii
1776 2034 1971 2118 pedes
2023 2035 2357 2117 attingunt
2401 2033 2580 2098 fron-

587 2125 715 2180 tem
748 2114 1130 2200 Scorpionis.
1222 2117 1290 2182 A
1316 2117 1517 2182 latere
1545 2131 1763 2182 autem
1787 2129 1957 2184 retro
1979 2129 2109 2184 stat
2140 2119 2409 2184 Custos:
2456 2120 2581 2184 sub

556 2233 562 2238 ·
589 2197 864 2286 pedibus
895 2203 1156 2287 quidem
1185 2203 1325 2289 ejus
1354 2202 1582 2287 Virgo,
1627 2204 1871 2269 habens
1898 2205 2155 2288 igneam
2184 2205 2252 2268 in
2278 2205 2579 2269 manibus

587 2288 864 2372 spicam:
911 2299 1226 2374 retrorsus
1250 2312 1418 2367 ver0,
1449 2290 1734 2374 vestigiis
1764 2291 1903 2375 ejus
1926 2290 2223 2376 adjacens
2254 2290 2412 2369 Le0,
2442 2313 2581 2355 me-

587 2373 694 2438 dio
725 2374 945 2438 aestivo
973 2374 1242 2440 solstitio
1282 2372 1533 2439 Cancer
1582 2387 1650 2440 et
1693 2375 1981 2440 Gemini.
2073 2376 2311 2441 Genua
2356 2386 2579 2442 autem

590 2459 948 2542 Agitatoris
979 2471 1174 2546 caput
1217 2460 1482 2525 Gemini
1514 2462 1889 2545 attingunt:
1924 2461 2137 2546 pedes
2172 2473 2392 2526 autem
2438 2463 2579 2548 ejus

587 2543 781 2612 Tauri
827 2546 1126 2610 cornibus
1165 2548 1555 2632 junguntur,
1586 2549 1770 2612 cu'us
1802 2545 2078 2614 Hoeduli
2106 2548 2382 2634 desuper
2410 2549 2579 2612 obti-

586 2641 748 2696 nent
774 2631 987 2696 locum
1019 2631 1509 2716 septentrionis.
1676 2633 1825 2698 abet
1853 2645 2071 2698 autem
2119 2631 2492 2719 Septentrio
2538 2657 2579 2699 a

589 2717 836 2782 dextris
873 2718 1075 2803 juxta
1123 2719 1442 2782 Coronam
1484 2719 1759 2803 desuper
1789 2741 1856 2784 se
1936 2731 2151 2784 entem
2179 2719 2251 2783 in
2278 2720 2581 2784 manibus

591 2801 1006 2886 Serpentarii,
1049 2814 1118 2869 et
1163 2826 1312 2868 eum
1361 2805 1476 2888 qui
1519 2806 1590 2869 in
1636 2742 1957 2870 Genicllilb
2004 2815 2154 2882 stat,
2208 2817 2277 2870 et
2320 2807 2577 2870 sinistro

589 2889 756 2974 pede
802 2889 1318 2974 septentrionalis
1358 2889 1673 2955 Draconis
1716 2892 2016 2956 verticem
2062 2892 2331 2969 calcans,
2373 2913 2580 2956 unum

584 2975 918 3040 brachium
963 2975 1202 3053 Librae,
1247 2976 1523 3041 alterum
1552 2977 1710 3041 dans
1741 2975 2038 3044 Coronoe.
2130 2977 2303 3041 Nam
2345 2977 2581 3041 minori

592 3059 1046 3145 Septentrione
1076 3063 1346 3126 ultimus
1390 3083 1507 3146 pes
1549 3063 1793 3148 Cephei
1839 3064 2229 3140 continetur,
2280 3058 2584 3148 Cycnum-

589 3169 788 3211 manu
817 3147 1050 3212 dextra
1080 3148 1659 3233 apprehendentis:
1706 3171 1901 3234 super
1942 3150 2129 3233 cujus
2170 3149 2301 3213 alas
2344 3147 2579 3234 Equus

593 3233 889 3297 extendit
918 3234 1170 3318 pedem,
1213 3243 1280 3296 et
1307 3257 1503 3319 super
1548 3257 1791 3318 equum
1837 3233 2169 3319 Aquarius
2218 3234 2577 3312 extollitur,

597 3319 783 3382 ‘uxta
835 3342 1030 3404 quem
1089 3317 1522 3404 Capricornus
1576 3331 1694 3384 est.
1788 3320 1926 3384 Sub
1986 3319 2259 3404 Aquarii
2298 3319 2579 3406 pedibus

652 3404 794 3468 iscis
821 3429 1090 3490 magnus
1117 3405 1485 3484 AustrinuS,
1517 3405 1867 3470 constituta
1890 3417 2041 3470 ante
2068 3406 2399 3490 Cepheum
2420 3403 2581 3470 Cas-

593 3490 867 3575 siepeia:
915 3502 982 3556 et
1011 3516 1048 3556 a
1079 3491 1264 3556 dorso
1296 3491 1649 3576 Agitatoris
1680 3492 1955 3556 Perseus
1982 3493 2215 3577 pedem
2244 3491 2577 3556 extendit:

592 3599 786 3661 super
804 3574 1021 3642 Persei
1039 3589 1234 3662 caput
1257 3574 1629 3664 Cassiepeia
1648 3579 1920 3664 pedibus
1941 3598 2283 3664 properare
2304 3578 2575 3642 videtur.

594 3662 780 3726 Inter
811 3660 1106 3748 Cycnum
1135 3664 1334 3747 igitur
1357 3674 1424 3729 et
1449 3687 1600 3729 eum
1624 3664 1739 3750 qui
1768 3666 1837 3730 in
1871 3663 2193 3729 Geniculo
2220 3674 2371 3742 stat,
2405 3662 2581 3748 Lyra

592 3749 1024 3816 constituitur.
1116 3749 1201 3813 In
1259 3772 1534 3834 quorum
1591 3751 1803 3816 medio
1864 3751 2136 3836 desuper
2192 3750 2275 3814 ab
2332 3750 2579 3814 oriente

594 3833 960 3919 Delphinus
993 3837 1432 3919 cognoscitur:
1481 3837 1601 3900 sub
1630 3840 1815 3924 cujus
1846 3836 2051 3902 cauda
2079 3845 2177 3900 est
2206 3837 2474 3920 Aquila,
2504 3836 2578 3898 in

591 3921 887 4004 proximo
915 3921 1157 3987 habens
1191 3922 1698 4007 serpentarium.
1793 3924 1921 3989 Sed
1942 3924 2079 4008 jam
2110 3923 2189 3986 de
2222 3921 2579 4008 Aquilonio

590 4007 826 4071 circulo
855 4007 1100 4074 dictum
1123 4019 1240 4074 est.
1333 4008 1529 4074 Nunc
1579 4009 1659 4074 ad
1706 4009 2051 4078 australem
2091 4009 2379 4074 ordinem
2428 4031 2577 4094 pro-

587 4115 902 4176 petemus.
