2992 4842
592 568 680 632 (54
1431 587 1747 634 senona.

589 750 826 794 messes
843 728 1342 815 vindemiasque,
1353 737 1422 792 et
1443 728 1735 793 omnium
1752 727 2193 792 maturitatem
2210 730 2591 815 amplexan-

589 825 716 879 tur.
804 815 930 880 Est
960 827 1272 902 praeterea
1307 815 1378 878 in
1405 814 1587 892 cae10,
1668 815 1733 878 ui
1760 825 2023 879 vocatur
2068 813 2347 879 Lacteus
2380 816 2587 880 circu-

587 899 714 978 lus,
737 901 930 966 etiam
958 900 1096 966 visu
1125 899 1328 966 facilis
1351 925 1367 966 ε
1413 837 1916 985 hujusiiefluvio
1943 901 2117 964 velut
2148 924 2235 964 ex
2258 902 2455 965 ubere
2475 900 2587 966 ali-

634 1007 719 1050 uo
741 998 880 1052 sata
891 999 1120 1052 cuncta
1129 985 1503 1064 lactescunt,
1522 986 1797 1051 duorum
1812 987 2093 1051 siderum
2105 988 2545 1052 observatione
2561 1012 2579 1052 ε

589 1007 852 1174 Ἇςιιῦω
873 1073 942 1137 in
971 1072 1457 1158 septentrionali
1478 1083 1686 1156 parte,
1718 1083 1786 1136 et
1812 1072 1881 1136 in
1912 1073 2199 1137 austrina
2232 1073 2579 1152 Caniculae,

585 1180 771 1244 cujus
796 1159 1194 1224 mentionem
1221 1179 1338 1222 suo
1365 1157 1507 1224 loco
1534 1157 1821 1222 fecimus.
1895 1157 2046 1243 Ipse
2074 1158 2350 1223 circulus
2374 1158 2583 1223 fertur

583 1265 703 1328 per
735 1243 1154 1329 Sagittarium
1181 1254 1249 1309 et
1277 1234 1613 1321 Geminos,
1644 1243 1793 1308 solis
1820 1255 2112 1308 centrum
2161 1243 2331 1308 infra
2377 1245 2581 1330 aequi-

583 1329 924 1394 noctialem
951 1331 1260 1394 circulum
1290 1351 1533 1406 secans,
1564 1329 2007 1394 commissuras
2030 1351 2251 1393 eorum
2280 1330 2581 1394 obtinen-

582 1425 671 1493 te,
689 1415 840 1480 hinc
860 1415 925 1480 A
971 1415 1123 1492 uila,
1151 1415 1326 1480 illinc
1347 1412 1677 1480 Canicula.
1773 1414 1930 1478 Ideo
1954 1415 2217 1479 effectus
2238 1417 2577 1501 utriusque

582 1501 665 1564 ad
692 1523 911 1566 omnes
928 1439 1276 1586 ‘irugiferas
1303 1501 1591 1585 pertinet
1620 1511 1840 1579 terras,
1872 1501 2177 1586 quoniam
2205 1502 2273 1564 in
2304 1501 2403 1565 his
2432 1514 2577 1566 tan-

583 1598 724 1652 tum
753 1585 908 1652 locis
949 1587 1098 1651 solis
1129 1597 1448 1673 terraeque
1477 1597 1699 1651 centra
1727 1597 2109 1670 congruunt.
2200 1586 2417 1670 Igitur
2460 1587 2579 1652 ho-

580 1694 724 1736 rum
754 1674 1034 1739 siderum
1071 1673 1318 1750 diebus,
1349 1695 1404 1736 sl
1431 1693 1632 1756 purus
1661 1683 1857 1759 atque
1887 1671 2062 1736 mitis
2092 1681 2199 1738 aer
2226 1673 2576 1756 genitalem
2672 1739 2675 1742 ,

581 1758 764 1823 illum
808 1759 1213 1845 lacteumque
1256 1780 1519 1823 succum
1569 1758 1993 1824 transmiserit
2031 1757 2102 1822 in
2148 1769 2373 1837 terras,
2421 1759 2575 1823 laeta

581 1844 953 1909 adolescunt
981 1857 1156 1922 sata3
1201 1843 1256 1908 si
1283 1844 1460 1922 luna,
1502 1865 1631 1930 qua
1660 1843 1904 1908 dictum
1935 1854 2034 1908 est
2062 1844 2331 1921 ratione,
2382 1847 2575 1908 rosci-

581 1931 733 1994 dum
782 1930 984 2015 frigus
1029 1930 1393 2015 asperserit,
1442 1930 1734 1995 admixta
1778 1930 2159 2010 amaritudo,
2204 1940 2280 1994 ut
2308 1931 2377 1993 in
2405 1931 2573 1995 lacte

579 2017 994 2166 puerperium
1010 2027 1219 2080 necat.
1309 2013 1553 2080 Modus
1570 2015 1639 2079 in
1656 2016 1844 2079 terris
1862 2015 2055 2102 hujus
2072 2015 2347 2102 injuriae,
2376 2038 2572 2103 quam

608 2103 735 2167 ecit
764 2101 831 2167 in
849 2123 1252 2189 quacumque
1271 2102 1679 2166 convexitate
1700 2100 2045 2166 comitatus
2062 2101 2397 2186 utriusque
2422 2125 2572 2166 cau-

579 2211 692 2266 sae,
723 2198 792 2252 et
816 2189 962 2254 ideo
990 2210 1120 2253 non
1142 2188 1384 2272 pariter
1409 2188 1481 2251 in
1512 2197 1649 2251 toto
1679 2187 1832 2252 orbe
1863 2187 2162 2265 sentitur,
2182 2198 2257 2251 ut
2274 2209 2393 2251 nec
2412 2187 2567 2252 dies·

580 2273 891 2360 Aquilam
919 2274 1204 2338 diximus
1231 2273 1302 2338 in
1321 2271 1517 2338 Italia
1532 2272 1773 2336 exoriri
1790 2271 2007 2338 XIII.
2053 2272 2169 2340 cal.
2196 2272 2240 2336 J
2241 2274 2567 2344 annarias:

579 2381 698 2424 nec
725 2360 972 2445 patitur
987 2360 1150 2424 ratio
1175 2370 1425 2424 naturae
1447 2359 1789 2446 quicquam
1805 2358 1875 2421 in
1894 2358 2049 2422 satis
2069 2369 2219 2423 ante
2232 2381 2379 2422 eum
2399 2359 2570 2424 diem

581 2446 718 2530 spei
748 2468 884 2510 esse
914 2456 1130 2510 certae.
1223 2445 1292 2510 Si
1323 2467 1472 2510 vero
1502 2444 1922 2509 interlunium
1952 2445 2215 2525 incidat,
2232 2467 2453 2509 omnes
2470 2445 2571 2508 hi-

578 2532 814 2595 bernos
841 2531 1087 2596 fructus
1114 2531 1265 2595 laedi
1293 2553 1549 2596 necesse
1580 2541 1698 2595 est.
1790 2529 2002 2595 Rudis
2047 2531 2173 2595 fuit
2217 2531 2569 2615 priscorum

578 2617 730 2695 vita,
769 2629 965 2704 atque
1012 2617 1150 2682 sine
1197 2616 1420 2694 literis,
1468 2639 1601 2681 non
1647 2616 1860 2681 minus
1906 2627 2125 2680 tamen
2168 2617 2566 2700 ingeniosam

577 2703 774 2768 fuisse
803 2704 873 2767 in
902 2703 1028 2767 illis
1057 2703 1565 2767 observationem
1593 2702 1951 2788 apparebit,
1994 2723 2189 2788 quam
2228 2725 2399 2767 nunc
2430 2725 2567 2766 esse

580 2790 920 2854 rationem.
1009 2789 1164 2853 Tria
1187 2809 1464 2874 namque
1492 2799 1787 2873 tempora
1814 2788 2127 2854 fructibus
2164 2789 2566 2867 metuebant,

577 2887 842 2960 propter
871 2875 1044 2961 quod
1071 2875 1495 2939 instituerunt
1524 2874 1735 2952 ferias,
1769 2874 2033 2960 diesque
2069 2874 2306 2938 festos:
2356 2874 2567 2939 Rubi-

577 2961 766 3045 galia,
781 2961 1080 3039 Floralia,
1090 2959 1372 3025 Vinalia.
1462 2959 1815 3044 Rubigalia
1826 2959 2389 3024 Numaconstituit
2399 2981 2567 3024 anno

578 3047 762 3130 regni
791 3047 890 3110 sui
907 3044 1040 3112 XI.
1067 3067 1212 3132 quae
1243 3067 1416 3110 nunc
1437 3057 1739 3130 aguntur,
1759 3047 1840 3110 ad
1862 3045 2028 3112 VII.
2054 3046 2167 3111 cal.
2195 3044 2384 3122 Mai„
2410 3067 2569 3129 quo-

578 3131 754 3196 niam
793 3143 946 3197 tunc
979 3133 1112 3197 fere
1163 3143 1411 3216 segetes
1463 3132 1695 3216 rubigo
1742 3141 2029 3216 occupat.
2120 3130 2267 3195 Hoc
2312 3142 2566 3216 tempus

580 3216 790 3282 Varro
817 3219 1223 3296 determinat,
1259 3217 1407 3283 Sole
1429 3217 1628 3282 Tauri
1704 3228 1908 3282 artem
1937 3216 2247 3282 decimam
2265 3217 2565 3281 obtinen-

580 3314 669 3381 te,
694 3304 860 3368 sicut
881 3317 1036 3369 tunc
1055 3304 1304 3368 ferebat
1329 3304 1530 3369 ratio:
1576 3325 1642 3367 se
1716 3326 1865 3368 vera
1886 3326 2075 3368 causa
2095 3314 2215 3381 est,
2231 3303 2405 3388 quod
2419 3314 2569 3388 post

579 3389 714 3454 dies
736 3387 941 3455 XIX.
973 3391 1054 3454 ab
1072 3389 1491 3476 AEquinoctio
1509 3412 1725 3466 vern0,
1744 3411 1860 3474 per
1875 3388 1943 3452 id
1960 3389 2569 3474 quadriduumvaria

578 3475 869 3558 gentium
899 3476 1429 3548 observationein
1459 3486 1692 3562 quarto
1722 3475 1839 3539 cal.
1876 3475 2043 3539 Maii
2073 3472 2273 3539 Canis
2314 3473 2568 3555 occidit,

578 3561 753 3626 sidus
784 3573 851 3626 et
873 3583 990 3646 per
1019 3585 1086 3627 se
1118 3561 1482 3639 vehemens,
1523 3572 1590 3626 et
1614 3561 1719 3624 cui
1740 3560 2162 3644 praeoccidere
2188 3559 2568 3624 Caniculam

577 3670 834 3712 necesse
865 3648 972 3713 sit.
1062 3646 1250 3712 Idem
1285 3647 1507 3733 itaque
1548 3646 1823 3710 Floralia
1861 3657 2093 3732 quarto
2126 3646 2245 3710 cal.
2280 3647 2565 3730 ejusdem

577 3733 1023 3812 instituerunt,
1055 3733 1231 3796 urbis
1261 3755 1430 3797 anno
1457 3731 1727 3798 DXVI.
1761 3755 1848 3796 ex
1876 3731 2147 3797 oraculis
2172 3731 2461 3816 Sibyllae,
2492 3743 2567 3794 ut

578 3821 792 3885 omnia
818 3821 986 3884 bene
1017 3819 1524 3885 deflorescerent.
1613 3817 1812 3883 Hunc
1837 3819 2005 3882 diem
2023 3816 2236 3882 Varro
2267 3818 2568 3882 determi-

578 3916 712 3984 nat,
748 3906 898 3971 Sole
928 3905 1123 3970 Tauri
1139 3916 1390 3990 partem
1407 3904 2013 3992 quartamdecimam
2038 3903 2394 3968 obtinente.
2440 3903 2568 3966 Er-

577 4014 660 4074 go
689 3993 743 4056 si
769 3993 840 4056 in
867 3993 990 4062 hoc
1017 3991 1432 4078 quatriduum
1460 3991 1757 4056 inciderit
1785 3989 2231 4076 plenilunium,
2262 3989 2479 4072 fruges
2500 4000 2568 4052 et

579 4078 794 4144 omnia
823 4101 972 4165 quae
1001 4078 1324 4144 florebunt
1349 4077 1502 4144 laedi
1530 4100 1786 4142 necesse
1816 4077 1957 4142 erit.
2046 4075 2307 4141 Vinalia
2355 4075 2569 4159 priora
