2992 4842
1036 573 1105 606 sn
1131 572 1484 607 rnAENousua
1514 572 1750 611 AnArsA.
2243 556 2396 605 lxxvii

390 696 675 745 Astronomi
716 692 851 755 olim,
893 702 950 744 ut
988 702 1037 744 et
1078 696 1161 744 alii
1195 697 1374 744 artium
1410 696 1721 759 professores,
1756 695 1954 743 nomina
1986 694 2236 742 usitatiora
2268 695 2397 742 notis

395 761 653 823 signabant
676 760 854 809 talibus
876 760 1184 824 plerumque,
1219 769 1274 809 ut
1295 769 1380 810 aut
1411 762 1623 824 primam
1645 766 1836 808 tantum
1860 760 2050 807 literam
2072 774 2187 807 eum
2208 767 2395 821 postre-

395 842 496 885 ma,
531 840 883 888 nonnunquam
921 826 1069 874 etiam
1107 841 1220 874 cum
1259 826 1529 874 mediarum
1552 826 1713 887 aliqua
1736 826 1989 873 referrent.
2058 824 2119 871 Id
2154 840 2213 871 ex
2250 824 2397 871 variis

397 891 527 938 notis
562 890 1032 939 Jurisconsultorum
1068 890 1371 953 aliorumque
1409 897 1484 938 est
1520 891 1847 938 notissimum.
1919 890 2093 951 Itaque
2135 890 2293 951 pisces
2329 888 2401 937 ita

399 956 633 1003 notabant
653 955 749 1003 PS.
817 955 914 1003 Sed
937 956 1214 1003 Astronomi
1239 956 1543 1017 Prognostici
1566 971 1664 1002 una
1688 970 1801 1002 cum
1827 954 2221 1015 Meteorologicis
2244 954 2400 1001 nubes

398 1020 470 1068 ita
491 1020 749 1081 signabant
779 1021 877 1067 NS.
944 1022 1069 1068 Sunt
1090 1021 1222 1067 enim
1245 1020 1350 1067 haec
1372 1019 1605 1067 vocabula
1628 1019 1897 1081 saepissime
1918 1019 2248 1067 occurrentia:
2285 1033 2403 1066 nam

400 1085 452 1131 in
485 1085 562 1143 iis,
597 1099 706 1146 quae
730 1085 789 1131 ab
813 1099 907 1131 usu
925 1091 1042 1132 sunt
1062 1092 1263 1143 remota,
1298 1091 1436 1132 notas
1459 1084 1714 1147 imaginari
1738 1090 1813 1131 est
1835 1083 2199 1131 stultissimum.
2267 1082 2401 1131 Hinc

399 1150 552 1211 igitur
572 1158 716 1196 natus
739 1164 888 1197 error.
951 1150 1128 1197 Primae
1163 1164 1277 1196 vero
1309 1150 1564 1211 utriusque
1600 1150 1729 1196 vocis
1762 1148 1915 1195 literae
1940 1149 2086 1196 etiam
2108 1163 2256 1210 supra
2276 1149 2405 1195 inter

401 1230 455 1261 se
477 1214 908 1261 commutationem
929 1229 1085 1275 passae
1109 1221 1239 1271 sunt,
1273 1215 1359 1261 ubi
1382 1229 1467 1276 pro
1498 1212 1645 1276 Plyra
1666 1215 1931 1261 ministeria
1953 1216 2058 1260 MS.
2080 1213 2227 1260 habet
2246 1216 2401 1275 niqra.

407 1277 734 1326 Gra—scm.
864 1276 1159 1340 Permixtas]
1184 1280 1241 1325 de
1265 1294 1317 1341 g.
1339 1279 1530 1326 emend.
1554 1280 1625 1325 sb.
1653 1282 1917 1340 permixtus
1942 1277 2317 1339 BEGg.—0R.

409 1405 437 1469 ζ
471 1345 516 1389 2.
552 1343 650 1454 ’ΒΞ
669 1358 716 1469 ξ.
753 1343 880 1455 (ἐξὲξ.
919 1344 992 1391 sb.
1045 1346 1286 1406 Sparqunt
1318 1346 1477 1392 vicina
1512 1344 1663 1392 tristis
1694 1358 1839 1405 supra
1862 1342 1987 1405 juya
2019 1344 2166 1404 piscis
2209 1342 2403 1405 BEGg.

470 1423 582 1455 esces
653 1443 666 1456 .
695 1433 756 1443 -
863 1442 876 1455 .

433 1423 521 1520 ΡΒ.
558 1472 627 1520 Et
647 1478 808 1519 ventos
828 1474 1002 1519 excitat
1027 1470 1184 1535 Aries]
1209 1472 1508 1535 Legendum,
1534 1472 1606 1520 uti
1630 1486 1762 1519 nunc
1784 1486 2068 1535 expressum
2088 1476 2175 1519 est.
2235 1472 2421 1521 Gu.—.

409 1534 560 1585 SCH.
691 1535 858 1599 Acres]
885 1537 944 1584 de
967 1552 1014 1598 g.
1041 1540 1165 1599 conj.
1189 1539 1256 1585 sb.
1292 1540 1418 1585 aries
1444 1537 1819 1598 BEGg.-0R..

472 1604 524 1649 4.
564 1600 788 1649 Fulmina
806 1606 842 1649 t.
867 1616 908 1650 c.
929 1604 966 1651 i.
991 1602 1034 1649 Ι.
1062 1616 1101 1648 e.
1125 1608 1159 1649 t.
1183 1602 1228 1649 Ι.
1249 1605 1458 1661 emissus,
1485 1602 1589 1660 &cuj
1630 1602 1711 1649 Ex
1749 1600 2034 1663 repetitione
2067 1600 2199 1648 vocis
2231 1600 2407 1663 liquet,

409 1666 659 1714 Caesarem
691 1673 804 1713 tunc
843 1666 1108 1729 scripsisse.
1177 1666 1274 1714 Sed
1309 1682 1368 1715 ex
1406 1681 1462 1714 eo
1502 1673 1646 1713 natus
1685 1682 1829 1724 error,
1870 1666 1997 1728 quod
2020 1681 2077 1713 ea
2098 1665 2255 1723 litera,
2295 1682 2407 1728 quae

407 1732 536 1779 hanc
572 1745 742 1778 vocem
778 1729 917 1778 finire
954 1731 1198 1789 debuerat,
1237 1738 1523 1793 sequentem
1543 1732 1753 1779 inchoet.
1821 1730 1955 1793 Lege
1978 1731 2157 1792 itaque,
2180 1730 2252 1777 uti
2274 1746 2406 1778 nunc

408 1810 695 1907 ‹tupi-3331&
719 1795 1528 1907 estoga.—SCH.—-Fulmina
1548 1794 1684 1857 tunc]
1710 1796 1769 1843 de
1792 1810 1840 1857 3.
1860 1796 2049 1843 emend.
2072 1796 2143 1843 sb.
2178 1794 2406 1843 Fulmina

432 1874 513 1908 um
715 1884 794 1907 .——

414 1925 526 2036 G5.
558 1876 790 2036 Εὸπῖιὶὶἕείε]
813 1924 876 1972 Ε.
910 1939 955 1972 a.
978 1938 1076 1973 seo.
1099 1938 1266 1983 manu,
1304 1931 1361 1971 ut
1383 1925 1575 1973 volebat
1606 1940 1657 1987 g.
1680 1924 1750 1973 sb.
1793 1926 1985 1973 emissus
2006 1922 2113 1972 BE.
2148 1926 2203 1986 (a
2226 1938 2301 1987 pr.
2318 1923 2408 1983 m.)

463 2004 528 2101 g6.
566 2050 780 2114 Ccerula]
802 2052 957 2100 maria
977 2052 1216 2101 videlic-et.
1282 2052 1397 2100 vid.
1420 2068 1567 2115 supra
1592 2070 1638 2102 v.
1667 2052 1993 2103 154.—SCH.

481 2117 526 2169 7.
562 2116 844 2167 Dimittitur
869 2117 916 2164 G
953 2152 964 2165 .
999 2127 1168 2166 contra
1189 2118 1534 2166 BEsb.—OR.

481 2182 528 2230 9.
567 2183 655 2230 Cui
667 2180 889 2243 pectora]
957 2188 1060 2230 orte
1081 2198 1203 2231 cum.
1270 2182 1373 2230 Leo
1395 2184 1486 2230 erit
1508 2182 1681 2240 siccus,
1714 2182 1796 2230 sed
1821 2188 1938 2230 tunc
1961 2182 2195 2239 maxime,
2216 2196 2332 2229 cum
2352 2196 2411 2229 ea

413 2246 466 2293 in
504 2254 640 2309 parte
679 2254 924 2309 spectatur
961 2247 1044 2294 ubi
1087 2254 1162 2295 est
1193 2254 1378 2309 pectus,
1402 2254 1451 2294 et
1472 2247 1615 2295 stella
1635 2246 1973 2303 fervidissima‚
2007 2262 2117 2309 quae
2137 2244 2413 2309 βασίλιιεος

413 2310 698 2373 appellatur.
771 2310 1413 2373 Gn.-SCH.-—Quum]
1437 2312 1496 2360 de
1518 2326 1567 2373 3.
1592 2313 1719 2374 conj.
1744 2313 1791 2359 b.
1827 2313 1906 2359 cui
1938 2312 2345 2373 BEGgs.—0R.

485 2376 563 2423 11.
595 2376 644 2423 V
636 2379 689 2423 ix
721 2392 829 2424 rore
859 2379 914 2423 in
943 2377 1028 2423 illo
1065 2375 1285 2439 Scorpios
1304 2378 1489 2424 assidue
1524 2378 1641 2425 coelo
1673 2376 1971 2425 minitabitur
1991 2379 2114 2439 ignis
2146 2376 2341 2424 Lentior
2358 2379 2413 2424 in

407 2441 619 2503 pluvias,
651 2444 803 2501 mayis
823 2441 1001 2488 invenit
1021 2456 1139 2488 arva
1161 2444 1322 2502 quieta
1343 2440 1499 2505 Atque
1518 2445 1663 2489 trucis
1684 2447 1840 2489 ventos
1861 2441 1911 2488 d.
1931 2456 1984 2488 n.
2004 2456 2042 2488 s.
2064 2458 2106 2489 r.
2161 2441 2411 2504 Sayittzjfe-

414 2508 558 2567 rique
577 2520 693 2553 rara
712 2505 944 2552 descendit
959 2506 1128 2566 pluvia
1149 2509 1299 2553 tems.
1369 2506 1629 2568 AEyoceros
1647 2507 1749 2553 alia
1768 2509 1950 2569 sparqit
1968 2512 2015 2553 et
2026 2506 2223 2567 sriyora
2243 2504 2410 2567 durat]

418 2568 544 2617 Haec
565 2570 916 2617 mutationibus
938 2577 988 2618 et
1007 2570 1258 2618 literarum
1280 2571 1737 2633 transpositionibus
1756 2571 1827 2617 ita
1848 2578 1966 2632 puto
1988 2572 2305 2630 emendanda,
2341 2571 2415 2618 uti

416 2649 550 2681 nunc
572 2648 798 2695 expressa
819 2642 950 2681 sunt.
985 2634 1100 2695 (nisi
1133 2635 1264 2695 quod
1298 2635 1502 2682 Grotius
1525 2635 1643 2683 velit
1665 2634 1891 2697 Scorpius
1913 2636 2123 2683 assiduos
2144 2636 2255 2683 coelo
2276 2638 2417 2683 mini-

419 2698 598 2747 tabae'tur
617 2701 745 2761 iynes
767 2702 961 2745 Lentim
979 2702 1032 2746 in
1051 2699 1242 2760 pluvias
1262 2702 1414 2746 veniet
1428 2716 1444 2747 .·
1475 2702 1628 2760 mayis
1647 2714 1767 2747 arva
1788 2699 1986 2761 quieta)
2030 2698 2163 2745 Venti
2180 2699 2414 2761 riyebunt,

419 2770 475 2809 ut
505 2764 632 2811 infra
652 2762 724 2811 Et
743 2768 874 2825 rigor
893 2764 1076 2811 accedit
1094 2768 1262 2811 ventis.
1330 2764 1622 2825 Sayiltffero,
1667 2771 1722 2811 ut
1760 2779 1907 2825 supra
1941 2779 1988 2812 v.
2015 2764 2063 2821 6,
2098 2761 2164 2810 At
2200 2764 2416 2811 Geminis

420 2828 587 2876 leviter
601 2829 894 2889 perstridant
917 2829 1088 2875 οων-αἶα
1108 2831 1252 2885 venti,
1290 2828 1368 2875 Ita
1389 2828 1520 2875 enim
1542 2843 1633 2875 nos
1654 2827 1974 2886 restituimus,
2010 2828 2091 2875 ubi
2114 2828 2222 2875 MS.
2245 2842 2414 2891 perpe-

417 2907 524 2941 ram
555 2892 764 2940 habebat
795 2891 873 2940 Ad
899 2894 1103 2955 yeminis
1138 2893 1303 2941 leviter
1333 2894 1633 2955 perstridant
1654 2894 1825 2941 caerula
1844 2892 1987 2940 veriti.
2048 2894 2229 2941 Sensus
2253 2892 2417 2941 ultimi

420 2972 588 3005 versus
629 2964 719 3016 est,
761 2957 1112 3019 Capricornum
1151 2957 1261 3005 aliis
1291 2958 1534 3014 omnibus,
1569 2957 1662 3004 hoc
1700 2964 1792 3015 est,
1824 2957 2077 3014 imbribus,
2111 2957 2415 3017 firlminibu8‚

419 3022 666 3079 tonitruis,
691 3021 847 3069 ventis
869 3036 1141 3083 parsurum,
1166 3022 1251 3069 sed
1271 3022 1376 3070 sola
1394 3022 1587 3083 frigoris
1605 3021 1914 3069 vehementia
1929 3022 2221 3069 nociturum.
2256 3022 2417 3069 Aliter

420 3092 587 3133 autem
622 3086 744 3133 dixit
767 3087 962 3148 sriyora
983 3086 1140 3145 durat,
1179 3102 1328 3149 quam
1347 3086 1476 3133 infra
1493 3089 1606 3134 nive
1626 3088 1797 3133 moeuia
1819 3086 2008 3134 durant.
2074 3086 2205 3133 Nam
2238 3086 2319 3133 hic
2343 3094 2423 3133 est

420 3150 694 3208 ποιητικὸν
732 3150 800 3198 ibi
833 3158 1008 3213 praeter
1027 3150 1280 3212 vulgarem
1302 3166 1448 3201 usum
1481 3150 1792 3210 παθητικὸν,
1828 3152 1969 3213 cujus
1992 3157 2154 3198 tamen
2177 3151 2417 3212 significa-

421 3216 568 3264 tionis
605 3216 657 3263 in
695 3215 789 3262 hoc
823 3216 966 3263 verbo
1003 3215 1224 3277 exempla
1254 3223 1303 3263 et
1338 3215 1454 3263 alibi
1491 3216 1715 3278 reperias.
1787 3215 1886 3262 Gn.
1955 3215 2131 3263 Versui
2157 3217 2216 3263 13
2242 3230 2417 3263 conve-

421 3280 636 3328 nientius
673 3286 779 3328 tum
815 3280 943 3342 quod
975 3279 1038 3326 ad
1069 3279 1285 3327 ordinem
1308 3287 1414 3327 tum
1437 3281 1569 3341 quod
1589 3281 1647 3327 ad
1671 3280 1964 3327 sententiam
1995 3280 2221 3342 pertinet,
2257 3280 2418 3327 visum

423 3352 498 3393 est
518 3347 721 3406 impetet,
744 3345 896 3391 donec
919 3343 1096 3391 melius
1121 3344 1323 3392 verbum
1343 3344 1625 3406 reperiatur.
1692 3344 2027 3407 Tempestates
2046 3346 2262 3407 quidem,
2296 3361 2417 3407 qua-

420 3424 532 3457 rum
556 3409 767 3456 tonitrua
781 3409 929 3456 nullae
948 3408 1240 3457 comitantur
1256 3410 1450 3471 pluviae,
1469 3409 1835 3471 periculosiores
1851 3416 2099 3471 putantur.
2141 3410 2418 3458 Malueram

422 3474 544 3521 item
567 3488 610 3521 v.
636 3474 711 3529 15,
734 3474 916 3521 diluvia
937 3474 1067 3519 arvis
1088 3473 1164 3520 vel
1189 3476 1333 3535 ayris.
1367 3488 1646 3536 quanquam
1668 3473 1826 3521 Grotii
1850 3475 2129 3536 conjectura
2145 3474 2259 3522 ferri
2274 3480 2421 3538 queat

423 3538 975 3586 interim.--SCH.—-
991 3535 1169 3598 Rorat]
1195 3538 1254 3585 de
1276 3553 1322 3599 g.
1346 3538 1476 3599 conj.
1503 3539 1571 3587 sb.
1606 3554 1711 3586 rore
1734 3539 2040 3599 BEGg.—O
2052 3539 2110 3587 R..

493 3604 572 3651 12.
605 3600 845 3663 Scorpios]
882 3601 1099 3663 BEGgs.
1147 3603 1372 3664 Scorpius
1393 3604 1442 3650 b.
1500 3602 1674 3665 (Ibid.)
1704 3602 1916 3665 assidue]
1951 3603 2172 3665 BEGgs.
2206 3603 2423 3651 assiduos

424 3665 484 3714 do
507 3681 554 3728 3.
580 3667 705 3729 conj.
731 3667 775 3713 b.
811 3668 934 3727 ἐμπίς
962 3666 1335 3727 BEGg.-OR.

493 3732 568 3778 13.
602 3730 802 3779 Omittit
821 3746 895 3779 vv.
924 3732 982 3777 13
1007 3738 1056 3779 et
1077 3732 1135 3778 14
1156 3732 1214 3777 B.
1249 3731 1419 3793 (Ibid.)
1439 3733 1493 3779 in
1506 3731 1701 3793 pluvias
1720 3733 1873 3793 mayis
1893 3732 2075 3779 invenit
2094 3746 2213 3779 arva
2234 3729 2419 3793 quieta]

423 3794 505 3842 Sic
547 3795 642 3857 Gg.
692 3799 746 3843 in
779 3796 973 3857 pluvias
1009 3797 1162 3857 maqis
1193 3797 1374 3843 invenit
1405 3810 1526 3843 arva
1556 3802 1665 3843 etur
1699 3796 1813 3856 (sic)
1847 3797 1907 3843 E.
1946 3798 1999 3841 in
2024 3796 2217 3856 pluvias
2240 3799 2422 3853 veniet,-

423 3861 578 3921 mayis
597 3875 718 3908 arva
741 3862 900 3923 quieta
927 3860 986 3907 de
1008 3875 1056 3923 g.
1083 3859 1214 3923 conj.
1240 3860 1290 3909 b.
1335 3863 1388 3908 in
1413 3861 1610 3923 pluvias
1641 3861 1793 3921 mayt's
1822 3862 2013 3921 impetet
2044 3874 2163 3907 arva
2196 3863 2361 3922 quieta
2382 3876 2421 3909 s.

427 3924 734 3987 conj.--OR..

494 3990 570 4036 14.
615 3988 796 4037 Truces
816 3986 967 4049 venti]
993 3989 1051 4036 de
1071 4004 1122 4051 g.
1147 3988 1274 4051 conj.
1299 3988 1372 4037 sb.
1407 3991 1553 4037 trucis
1573 3995 1733 4037 ventos
1754 3986 2084 4049 EGg.-0R„

495 4052 570 4101 15.
605 4052 744 4101 Rara
765 4051 1063 4115 Sayittifiero]
1089 4054 1148 4101 de
1168 4068 1215 4116 3.
1239 4054 1368 4114 conJ.
1389 4053 1462 4103 sb.
1485 4052 1653 4109 ssara
1678 4054 1942 4115 Saqittiferi
1966 4052 2027 4101 E.
2068 4052 2425 4117 Saqittefirique
