2992 4842
543 530 646 581 xliv
1481 542 1641 582 nom

611 670 726 719 ³⁶³.
763 670 961 718 Amnem
999 668 1108 734 qui]
1159 670 1282 720 Tres
1321 672 1376 721 hi
1409 688 1579 721 versus
1618 674 1797 722 iterum
1830 688 1893 721 ex
1928 672 2041 723 MS.
2076 674 2176 721 Gn.
2246 670 2539 736 Phaetonta]

547 734 766 783 Phaeton
791 735 917 783 Solis
939 742 989 783 et
1011 736 1275 800 Clymenes
1295 737 1426 785 filius
1447 754 1601 801 quum
1624 738 1741 786 solis
1760 753 1975 795 currum,
2013 754 2159 801 quem
2180 740 2540 796 conscenderat,

545 816 710 862 regere
731 816 828 847 non
851 801 1104 863 potuisset,
1139 802 1346 850 fulmine
1369 818 1627 865 percussus
1647 804 1825 851 decidit
1844 804 1895 850 in
1920 804 2207 851 Eridanum.
2272 804 2397 852 Vide
2419 805 2539 851 Ovi-

545 865 682 913 dium
721 865 923 912 Metsm.
959 866 1042 913 lib.
1067 866 1140 913 11.
1176 882 1218 914 v.
1247 868 1414 915 1-324.
1481 868 1719 915 Nonnum
1765 868 1969 931 Dionys.
2012 867 2318 917 XXXVIII.
2353 884 2401 916 v.
2428 869 2539 927 107,

543 930 1276 991 seqq.—SCH.-—Omittunt
1312 932 1402 979 hos
1433 940 1532 979 tres
1564 948 1641 982 vv.
1666 932 1883 980 363-365
1926 932 2072 981 AFP.
2140 934 2339 981 Habent
2376 934 2540 981 ΒΕΘ.

541 993 800 1055 phethonta
825 994 1110 1043 BE.—OR.

611 1062 722 1107 365.
755 1058 954 1107 Vulnere
995 1059 1284 1122 reddentem]
1333 1061 1508 1109 Forte:
1544 1060 1781 1118 Fulmine,
1814 1062 2077 1109 reddentem
2100 1063 2345 1122 flammas,
2379 1062 2537 1109 Jovis.

545 1124 689 1171 Ovid.
733 1124 934 1171 Metam.
971 1124 1053 1172 lib.
1077 1125 1128 1172 ii.
1165 1140 1210 1171 v.
1235 1128 1347 1183 311,
1381 1128 1493 1182 312,
1520 1128 1643 1173 313:
1674 1126 1746 1173 Et
1779 1128 1947 1175 dextra
1984 1125 2207 1173 libratum
2230 1128 2441 1187 fulmen,
2476 1125 2539 1173 ab

543 1204 658 1235 aure
685 1188 832 1235 Misit
849 1192 902 1236 in
921 1192 1156 1251 auriqam,
1183 1194 1458 1253 pariterque
1493 1194 1744 1253 animaque
1782 1195 1989 1253 rotisque
2024 1190 2177 1238 Exuit
2196 1199 2243 1239 et
2260 1194 2390 1238 saem's
2412 1206 2539 1238 com-

535 1258 720 1315 pescuit
759 1254 945 1316 iynihus
985 1258 1128 1316 iynes.
1218 1255 1353 1303 Dicit
1395 1256 1547 1317 igitur
1596 1256 1918 1303 Germanicus
1962 1256 2223 1317 eleganter,
2267 1255 2540 1302 Phaetonta

541 1318 766 1365 flammas
803 1319 920 1366 solis
955 1320 1236 1366 reddentem
1269 1320 1480 1367 flammis
1502 1328 1552 1367 et
1571 1320 1775 1368 fulmine
1807 1320 1962 1370 Jovis.
1998 1321 2171 1367 Gno‘r.
2241 1323 2383 1367 Hunc
2412 1335 2541 1367 nova

541 1382 689 1445 silva]
726 1383 930 1430 Ovidius
955 1383 1014 1431 de
1046 1384 1236 1441 iisdem,
1272 1384 1481 1432 Metam.
1504 1384 1579 1432 11.
1612 1400 1660 1431 v.
1684 1386 1807 1433 372:
1842 1385 2116 1447 Siloamque
2150 1384 2385 1433 sororibus
2420 1400 2537 1432 auc-

544 1453 657 1495 tam.
726 1448 857 1495 Nota
890 1448 1068 1496 fabula.
1138 1448 1815 1511 Gu.—SCH.—Vulnere]
1854 1450 2071 1511 BEGgs.
2106 1450 2157 1497 id
2176 1458 2266 1507 est,
2290 1466 2315 1497 e
2336 1450 2539 1497 vulnere

543 1527 632 1561 suo
655 1512 802 1560 etiam
825 1521 942 1561 tunc
963 1514 1180 1560 fumante
1201 1514 1342 1576 quasi
1360 1514 1658 1574 reddentem,
1688 1514 1931 1563 efflantem
1952 1516 2173 1563 flammas
2193 1516 2224 1561 J
2228 1515 2345 1562 ovis.
2411 1514 2537 1562 Ful-

542 1580 667 1625 mine
691 1579 750 1625 de
769 1593 818 1639 g.
847 1578 972 1639 conj.
993 1578 1221 1626 b.—OR..

607 1644 721 1690 366.
757 1643 934 1690 Maestae
964 1642 1280 1691 Phaetmuides
1302 1642 1466 1706 ulmis]
1506 1644 1641 1691 Male
1660 1643 1860 1705 vulgati,
1885 1644 2011 1692 Asiae
2032 1642 2364 1692 Phaetontides
2380 1644 2539 1691 undis.

541 1706 742 1771 Iynotas
771 1709 922 1756 ulmos
956 1708 1094 1764 dixit,
1130 1716 1186 1755 ut
1207 1710 1412 1757 Ovidius
1435 1710 1639 1757 Metam.
1676 1709 1757 1756 lib.
1783 1709 1857 1756 II.
1895 1726 1943 1756 v.
1966 1712 2090 1757 352:
2127 1708 2226 1756 Illa
2269 1710 2394 1755 dolet
2417 1711 2541 1771 fieri

544 1772 706 1832 lon-‘los
737 1787 823 1819 sua
855 1771 1050 1820 brae-Ma
1081 1788 1254 1821 ramos.
1289 1774 1460 1822 Gno‘r.
1538 1772 1716 1835 Ulmis]
1754 1774 1949 1821 Sorores
1984 1774 2265 1821 Phaiitontis
2288 1773 2537 1831 Heliades,

543 1838 662 1884 dum
685 1853 854 1885 casum
879 1838 1038 1885 fratris
1061 1838 1254 1896 deflent,
1289 1839 1341 1886 in
1362 1839 1569 1902 populos
1602 1854 1846 1886 conversae
1869 1839 2097 1886 dicuntur
2118 1854 2147 1885 a
2166 1838 2348 1886 Poetis.
2417 1838 2537 1885 Ovi-

543 1901 667 1959 dius,
706 1902 912 1949 Metam.
936 1902 1009 1949 ΙΙ.
1045 1918 1091 1949 v.
1116 1905 1227 1959 340,
1253 1919 1384 1965 seqq.
1453 1903 1701 1965 Hyginus,
1724 1903 1894 1951 Fabul.
1919 1905 2026 1951 152.
2093 1902 2318 1950 Catullus
2338 1903 2391 1949 in
2415 1902 2537 1965 Epi-

544 1967 664 2015 thal.
730 1966 967 2024 Thetidis,
1001 1982 1111 2029 pag.
1137 1969 1244 2023 185,
1280 1967 1401 2015 adde
1423 1968 1586 2015 Vossii
1608 1974 1825 2015 annotat.
1858 1983 1967 2029 pag.
1993 1970 2102 2014 235.
2169 1968 2265 2014 Sed
2283 1967 2539 2028 Virgilius,

544 2031 717 2093 Eclog.
741 2032 832 2078 VI.
853 2032 916 2078 62
935 2049 947 2077 ε
990 2032 1116 2079 Tum
1138 2031 1507 2080 Phaetontiades
1526 2048 1685 2080 museo
1702 2034 1963 2079 circumdat
1981 2048 2153 2080 amarae
2174 2034 2387 2089 corticis,
2401 2039 2544 2095 atque

543 2097 641 2143 solo
668 2112 890 2157 proceras
923 2099 1061 2159 eriyit
1092 2098 1242 2145 alnos.
1311 2098 1555 2147 Quocirca
1576 2097 1656 2144 hic
1680 2112 1873 2158 quoque
1894 2097 2109 2143 fortassis
2133 2098 2255 2145 alnis
2275 2097 2539 2159 legendum

665 2162 675 2171 .
762 2161 773 2171 .
1135 2163 1146 2173 .
1206 2162 1218 2172 .
1357 2163 1368 2173 .
1727 2164 1750 2186 f

543 2176 820 2273 {2:3332'2‘11
840 2160 1040 2275 AEffi‘ssssff.
1057 2162 1300 2274 52⁸&
1335 2161 2009 2288 ¹13'i..¹.112‚1}'t?.g}0⁵;2'r.⁵.⁶}23a¹3;
2025 2162 2167 2273 „¹322
2179 2163 2293 2273 {222
2315 2160 2541 2287 ...νὶἔῷῗῖ

541 2291 643 2338 los:
675 2296 729 2337 ut
751 2293 805 2337 in
827 2291 1033 2339 decimo.-
1064 2291 1304 2353 Populeas
1325 2292 1452 2339 inter
1470 2292 1665 2339 frondes
1699 2292 2018 2351 umbramque
2052 2306 2290 2338 sororum.
2359 2290 2406 2337 Ε
2411 2298 2429 2337 t
2450 2290 2539 2338 hoc

553 2356 796 2417 Virqilius.
828 2356 960 2403 Nam
981 2357 1070 2403 alii
1093 2358 1146 2403 in
1165 2358 1292 2404 alias
1313 2356 1505 2403 arbores
1525 2356 1847 2403 dicunt.-SC
1856 2355 1918 2402 H.
2052 2354 2258 2416 Maestae]
2286 2355 2538 2417 BEGgsb.

541 2421 722 2467 adoestoe
743 2419 858 2483 (sic)
881 2419 943 2467 A.
969 2420 1158 2469 adhaesoe
1185 2422 1238 2469 F.
1272 2420 1394 2469 Asioe
1417 2422 1474 2469 P.
1504 2421 1821 2483 pkechonides
1841 2420 1906 2468 A.
1929 2419 2097 2480 (Ibid.)
2118 2419 2268 2482 ulnis]
2294 2420 2538 2468 ABEGb.

541 2487 682 2533 ulmis
703 2501 749 2548 g.
777 2500 866 2531 err.
889 2492 1077 2547 typogr.
1101 2502 1139 2533 s.
1171 2487 1313 2533 undis
1337 2486 1578 2533 P.—0R.

608 2551 717 2599 367.
755 2550 1009 2612 Interjaeet
1047 2550 1214 2613 astris]
1273 2551 1384 2598 MS.
1424 2551 1601 2610 injacet
1642 2550 1795 2598 undis.
1896 2550 2029 2611 Lege
2072 2548 2319 2597 Eridanus
2358 2550 2541 2595 medius

541 2616 734 2679 liquidis
756 2614 998 2675 interjacet
1021 2617 1171 2663 undis.
1241 2615 1372 2662 Nam
1387 2621 1517 2663 astra
1535 2616 1775 2677 quomodo
1800 2615 1982 2676 liquida
2001 2616 2020 2661 Τ
2088 2615 2225 2662 Dicit
2248 2614 2540 2660 Eridamum

539 2681 758 2727 medium
781 2681 926 2727 fluere
949 2680 1076 2727 inter
1097 2680 1362 2727 Heliadum
1385 2680 1573 2733 silvam,
1598 2681 1656 2728 de
1678 2696 1776 2742 qua
1794 2680 1989 2727 locutus
2008 2686 2097 2727 est.
2166 2680 2347 2727 Aratus
2374 2676 2537 2725 πολύ-

542 2744 776 2793 κλαυτοι)
815 2743 1055 2807 ποταμὸν
1091 2752 1243 2804 vocat,
1283 2745 1398 2807 quia
1431 2745 1610 2793 electra
1646 2744 1874 2807 lacrymae
1902 2744 2166 2791 Heliadum
2188 2745 2239 2791 in
2266 2744 2539 2790 Eridanum

539 2810 742 2860 stillant.
831 2812 981 2867 Naso,
1025 2809 1227 2856 Metam.
1265 2810 1340 2857 ΙΙ.
1381 2810 1508 2857 364:
1544 2810 1831 2871 Stillataque
1874 2811 1971 2857 sole
2012 2812 2248 2870 riyescunt
2284 2807 2363 2855 De
2394 2810 2539 2855 ramis

539 2874 710 2923 electra
733 2879 878 2933 novis,
915 2889 1016 2937 quoe
1037 2874 1221 2921 lucidus
1239 2878 1392 2921 amnis
1414 2874 1630 2935 Excipit,
1664 2880 1709 2921 et
1730 2873 1926 2921 nuribus
1946 2876 2095 2921 mittit
2108 2874 2336 2936 qestanda
2359 2874 2539 2921 latinis.

539 2941 855 2989 —Gn.—Sc
869 2942 927 2989 H.
1059 2941 1236 2987 medius
1269 2939 1432 2999 (medii
1455 2939 1529 2986 vel
1549 2941 1715 2987 mediis
1740 2938 1819 2999 F.)
1852 2939 2097 2999 interjacet
2118 2938 2287 3001 astris]
2324 2937 2539 2998 AFPgb.

539 3005 748 3067 (liquida
792 3016 934 3062 astra,
972 3006 1007 3053 i.
1034 3019 1076 3051 e.
1098 3004 1242 3062 clara,
1282 3003 1513 3051 micantia
1548 3010 1604 3051 ut
1636 3018 1685 3051 v.
1708 3005 1787 3050 42.
1823 3004 2003 3066 liquido
2042 3002 2309 3065 spendore.)
2356 3003 2539 3049 medius

538 3069 734 3131 liquidis
754 3072 997 3133 interjacet
1017 3068 1158 3115 undis
1179 3070 1237 3116 de
1261 3084 1310 3130 g.
1333 3068 1572 3115 sententia
1592 3084 1630 3115 s.
1674 3070 1841 3116 mediis
1874 3070 2069 3130 liquidis
2112 3069 2359 3131 interjacet
2398 3068 2538 3114 undis

539 3134 605 3181 E.
637 3136 817 3183 medius
853 3136 1043 3199 liquidis
1080 3134 1258 3195 injacet
1289 3132 1430 3180 undis
1463 3133 1528 3180 G.
1562 3133 1729 3182 mediis
1762 3134 1960 3195 liquidis
1996 3131 2072 3179 hic
2105 3134 2280 3194 injacet
2314 3132 2455 3179 undis
2478 3132 2536 3179 B.

539 3200 633 3246 Sed
663 3202 804 3247 undis
837 3208 995 3247 ortum
1021 3214 1081 3245 ex
1105 3214 1144 3245 v,
1171 3199 1296 3245 ulnis
1317 3213 1485 3245 versus
1522 3197 1726 3260 praeced.
1767 3198 2168 3245 molestissimum
2202 3198 2326 3245 mihi
2366 3196 2540 3243 accidit

537 3264 666 3311 inter
699 3265 786 3313 illa
825 3280 936 3312 suas
975 3264 1160 3325 deflevit
1191 3264 1256 3310 ad
1293 3263 1444 3309 undas
1479 3270 1528 3309 et
1563 3262 1699 3310 haec:
1731 3263 1872 3323 hujus
1906 3279 2025 3325 pars
2060 3261 2212 3310 undae.
2298 3262 2540 3309 Praeterea

539 3328 746 3377 otiosum
781 3338 856 3377 est
893 3338 1051 3377 totum
1087 3328 1214 3375 istuc
1251 3328 1444 3389 liquidis
1473 3328 1613 3374 undis
1634 3327 1737 3375 scil.
1759 3327 1932 3384 fluens,
1955 3334 2005 3375 et
2026 3326 2355 3374 desideramus
2377 3326 2539 3388 potius

538 3393 756 3440 dativum
789 3393 1167 3442 construendum
1202 3407 1315 3439 cum
1338 3408 1382 3438 v.
1405 3394 1665 3455 interjacet.
1735 3390 1797 3439 In
1824 3392 1914 3439 cd.
1938 3392 2000 3440 E.
2032 3393 2155 3453 (non
2176 3392 2229 3439 in
2252 3390 2336 3451 B.)
2371 3406 2539 3437 versus

537 3457 607 3505 sic
631 3458 854 3505 collocati
874 3478 884 3505 :
923 3460 1035 3518 365,
1059 3457 1173 3516 367,
1197 3456 1492 3505 366.-0R.

605 3524 714 3570 368.
752 3523 913 3586 Hujus
937 3538 1057 3585 pars
1091 3522 1226 3569 undae
1261 3522 1427 3569 laevwm
1445 3523 1573 3582 fierit
1596 3523 1652 3568 0.
1682 3520 1735 3567 L.
1756 3536 1808 3582 p.
1828 3536 1883 3581 p.
1906 3524 2075 3568 amotis
2097 3523 2183 3584 qui
2197 3519 2409 3582 piscibus
2429 3534 2540 3566 usus

545 3586 596 3635 V.
619 3589 849 3651 conjectat
877 3604 924 3634 n.
949 3604 986 3634 c.
1010 3602 1047 3634 s.
1070 3588 1103 3633 i.
1171 3586 1388 3648 AEquore
1425 3584 1607 3633 Pistris
1626 3585 1742 3631 adit.
1766 3600 1801 3631 s.
1826 3585 1910 3633 ille
1931 3586 1962 3632 l.
1988 3602 2027 3633 c.
2050 3585 2103 3633 S.
2139 3583 2419 3633 nonnullam
2438 3599 2475 3631 s.
2494 3598 2539 3631 r.

523 3656 574 3715 s.
600 3652 650 3701 S.
675 3654 706 3700 l.
729 3655 759 3701 l.
783 3669 828 3700 a.
844 3669 895 3715 p.
919 3654 964 3699 d.
982 3668 1034 3713 p.
1059 3654 1100 3697 Ι.
1124 3656 1170 3697 et
1195 3650 1470 3698 Eridanum
1489 3653 1739 3712 flexusque
1774 3665 2030 3712 cavumque
2050 3667 2089 3697 e.
2112 3648 2170 3697 A.
2197 3646 2241 3695 b.
2266 3652 2301 3697 i.
2324 3654 2473 3706 notat,
2498 3651 2540 3695 si

535 3720 717 3767 niallam
739 3720 876 3779 fixi-re
897 3719 948 3778 fi
972 3719 1018 3765 S.
1054 3718 1199 3763 etlam
1232 3721 1328 3763 toto
1347 3731 1383 3762 s.
1405 3730 1443 3763 s.
1469 3732 1519 3763 n.
1544 3716 1705 3761 mundi
1724 3714 1769 3761 I.
1794 3730 1834 3761 s.
1860 3718 1893 3763 i.
1916 3730 1959 3776 q.
1985 3730 2023 3762 c.
2045 3732 2093 3777 p.
2118 3716 2162 3761 d.
2187 3716 2245 3759 F.
2266 3730 2317 3775 p.
2340 3716 2541 3775 oppositi

535 3800 585 3831 n.
613 3784 643 3831 l.
667 3782 731 3845 s.]
769 3784 962 3831 Novem
997 3782 1228 3829 horumce
1263 3795 1491 3827 versuum
1518 3794 1780 3841 proponam
1804 3779 2133 3835 variationem,
2156 3786 2205 3825 et
2226 3777 2541 3825 verisimilem

536 3848 810 3896 lectionem.
877 3848 1034 3895 Versu
1056 3846 1212 3907 primo
1236 3844 1344 3892 MS.
1369 3844 1573 3892 medium
1588 3850 1712 3891 tenet
1732 3859 1817 3906 pro
1838 3845 2003 3891 laevum
2016 3844 2151 3904 jerit.
2216 3844 2375 3891 Versu
2399 3842 2541 3889 tertio

537 3914 752 3975 conjecit.
831 3913 991 3960 Versu
1034 3917 1203 3973 quarto
1248 3910 1462 3971 AEquore
1505 3908 1681 3957 Pistris
1724 3908 1919 3955 radians
1960 3915 2069 3955 sunt
2110 3907 2191 3955 lib.
2226 3924 2302 3956 cae.
2380 3906 2541 3954 Versu

538 3978 706 4040 quinto
744 3992 830 4039 pro
867 3980 1016 4039 specie
1054 3976 1200 4023 habet
1234 3976 1380 4031 eoel03
1415 3989 1558 4021 versu
1595 3980 1731 4021 sexto
1772 3973 1957 4035 vulgati
1995 3972 2079 4020 sub
2116 3972 2374 4035 leporisque
2415 3973 2542 4019 latus

537 4057 732 4090 versum.
798 4042 957 4091 Versu
995 4040 1200 4103 septimo
1235 4039 1346 4087 MS.
1371 4040 1533 4100 flexus
1573 4040 1860 4101 clavumque.
1927 4037 2086 4085 Versu
2118 4044 2285 4085 octavo
2307 4037 2377 4085 ita
2394 4036 2541 4085 habet
