2992 4842
1068 572 1138 608 An
1164 572 1523 609 rnaenouenA
1546 572 1781 608 Anum.
2384 562 2422 609 li

488 699 603 746 433.
637 697 737 746 Sub
767 696 980 747 Geminis
1008 698 1226 762 Procyon
1230 700 1476 763 fithentia
1495 698 1679 763 sidera]
1705 700 1804 748 Hic
1821 712 2015 763 quoque
2036 712 2203 749 versus
2218 698 2423 749 ultimus

423 764 597 825 primae
632 763 783 838 partis
805 763 1247 843 *pbaenomenon'in
1270 765 1482 826 vulgatis
1504 764 1671 813 defuit.
1741 764 1805 811 In
1826 779 1921 828 quo
1942 779 2081 839 nove,
2102 764 2203 813 imo
2223 766 2423 828 antique

422 843 556 941 313²
557 836 577 876 ⁸
599 836 765 940 3232
772 827 917 940 3153.
939 828 1104 940 ...222
1122 844 1340 951 Ὲέἱῗῗᾱ,
1356 836 2403 957 {mgr&53331‘2‘12133222353225132‘35
2406 864 2421 943 ἑ

407 958 624 1019 fidqenti
637 958 786 1004 sidere
800 960 966 1019 surgit.
992 955 1238 1020 Procyon]
1251 958 1492 1019 Erigones
1508 959 1657 1007 Canis
1670 958 1935 1007 fidissimus
1951 958 2012 1006 ad
2025 966 2234 1009 mortem
2248 975 2419 1023 usque.

421 1022 606 1069 AElian.
633 1022 727 1069 VI.
747 1021 806 1069 de
827 1021 1023 1070 animal.
1050 1037 1094 1070 c.
1116 1025 1198 1073 25.
1266 1023 1476 1071 Nonnus
1513 1023 1720 1087 Dionys.
1755 1024 1974 1071 XLVII.
2013 1024 2108 1071 244
2138 1039 2273 1087 seqq.
2339 1025 2419 1073 Ab

421 1086 530 1133 aliis
570 1086 767 1135 Orionis
799 1087 934 1135 canis
975 1102 1084 1135 esse
1121 1094 1336 1150 putatur.
1425 1088 1657 1151 Hyginus
1700 1091 1828 1150 poe't.
1872 1089 2071 1137 Astron.
2110 1088 2196 1137 lib.
2244 1089 2271 1136 I
2280 1088 2321 1136 1.
2365 1090 2419 1137 in

419 1153 660 1213 Procyon.
730 1151 980 1199 Eratosth.
1015 1152 1197 1201 Catast.
1221 1154 1302 1212 42,
1340 1150 1591 1217 Προκύων
1616 1150 1667 1200 δὲ
1690 1151 1896 1215 λέγεται
1914 1150 1981 1209 ὡς
2004 1152 2106 1216 πρὸ
2132 1153 2222 1199 τοῦ
2248 1152 2417 1211 κυνός.

420 1216 614 1264 Plinius
635 1215 838 1263 XVIII.
864 1218 943 1265 28.
1013 1215 1236 1279 Procyon
1256 1218 1385 1279 apud
1413 1217 1659 1266 Romanos
1679 1234 1776 1265 non
1798 1217 1937 1266 habet
1957 1232 2141 1277 nomen,
2165 1220 2263 1265 nisi
2282 1222 2417 1267 cani-

419 1282 578 1327 culam
599 1279 723 1327 hanc
743 1282 938 1328 velimus
959 1283 1177 1343 intelliqi,
1202 1281 1288 1329 hoc
1311 1288 1393 1339 est,
1415 1284 1643 1331 minorem
1663 1298 1824 1330 canem
1838 1298 1853 1329 .·
1884 1286 2011 1330 utin
2030 1286 2173 1331 astris
2188 1285 2417 1345 pinyitur.

421 1344 656 1407 Hyginus
696 1348 826 1406 poet.
862 1346 998 1393 Astr.
1038 1346 1149 1393 libr.
1173 1346 1246 1393 11.
1272 1362 1376 1409 cap.
1397 1348 1456 1394 de
1476 1348 1708 1409 Arctoph.
1760 1349 1933 1395 Canem
1950 1354 2108 1395 autem
2131 1348 2418 1409 (Erigones)

421 1425 512 1457 sua
532 1410 848 1471 appella-tione
867 1415 912 1457 et
931 1414 1080 1473 specie
1101 1412 1364 1459 caniculam
1386 1413 1623 1469 dia-erunt,
1641 1428 1741 1475 quae
1764 1428 1795 1458 a
1824 1412 2015 1469 Gra-is,
2039 1414 2164 1475 quod
2184 1418 2295 1460 ante
2315 1429 2416 1461 ma-

405 1474 568 1536 jorem
600 1489 764 1521 canem
807 1478 1035 1533 exoritur,
1082 1475 1308 1537 Procyon
1349 1476 2204 1539 appellatur.-SCH.——-Fulyenti
2241 1475 2417 1526 lumine

417 1538 598 1601 suryit]
623 1539 702 1585 Sic
728 1543 784 1587 A.
805 1540 1054 1602 sulyentia
1072 1541 1254 1588 lumina
1276 1544 1426 1603 suryit
1448 1541 1511 1588 E.
1532 1542 1782 1603 fitlyentia
1798 1542 1957 1589 sidera
1978 1544 2130 1604 surgit
2152 1542 2278 1603 ng.
2297 1544 2413 1601 fial-

415 1606 552 1665 qenti
579 1604 729 1651 sidere
760 1607 910 1666 suryit
945 1620 982 1652 s.
1023 1605 1150 1667 conj.
1218 1606 1314 1652 Sed
1335 1605 1543 1653 molesta
1565 1613 1639 1654 est
1659 1606 1881 1668 repetitio
1903 1621 1947 1653 v.
1969 1607 2152 1654 sideris.
2169 1604 2417 1669 fulyentia

419 1668 605 1715 lumina
617 1669 792 1730 pandit
813 1669 986 1730 Margo
1010 1669 1098 1717 Cd.
1123 1669 1184 1717 E.
1253 1669 1377 1718 Haec
1418 1685 1611 1732 quoque
1648 1670 1840 1719 videtur
1878 1672 2113 1719 correctio
2145 1671 2253 1718 Viri
2286 1672 2415 1721 docti

418 1733 584 1795 potius
605 1748 754 1795 quam
773 1749 1006 1795 germana
1023 1737 1178 1795 poetae
1200 1735 1573 1783 manus.-—OR.
1856 1740 1859 1743 ’

485 1799 598 1845 434.
636 1800 734 1845 Hic
769 1798 882 1847 coelo
917 1798 1136 1861 ornatus]
1185 1798 1374 1847 Abhinc
1411 1799 1577 1847 omnia
1615 1799 1676 1847 ad
1711 1800 1858 1847 finem
1896 1815 2051 1862 usque
2090 1799 2415 1864 φαινομένων

417 1875 665 1924 nusquam
694 1863 929 1910 hactenus
969 1864 1114 1923 edita,
1156 1879 1287 1911 nunc
1323 1863 1541 1927 primum
1576 1870 1739 1913 nostra
1772 1879 1930 1927 opera,
1964 1866 2281 1929 manuscripti
2306 1881 2413 1930 ope,

417 1927 676 1987 prodeunt.
745 1928 1060 1976 Gn.—SCH.

483 1994 595 2040 435.
632 1991 893 2053 Adsiynata
915 1992 1243 2054 EGg.-0R.

481 2058 594 2104 436.
628 2056 694 2105 In
711 2060 854 2105 morti
871 2056 998 2120 loca]
1019 2057 1182 2119 Lege:
1217 2059 1358 2105 semel
1370 2060 1612 2119 assiqnata
1632 2064 1835 2116 tuentur,
1859 2060 2049 2105 Immoti
2066 2058 2185 2107 loca.
2220 2059 2414 2109 Immoti

419 2119 694 2177 ἀπλανέες.
767 2122 869 2169 Gn.
936 2121 1155 2184 Immoti]
1192 2123 1270 2170 Tu
1297 2122 1406 2170 vide
1438 2123 1748 2171 Macrobium
1774 2123 1943 2171 Somn.
1968 2123 2095 2185 Scip.
2119 2123 2161 2170 I.
2191 2124 2265 2184 17,
2292 2126 2411 2173 adde

417 2186 615 2236 Cellarii
639 2186 884 2234 Element.
909 2186 1106 2234 Astron.
1133 2202 1180 2249 p.
1209 2188 1256 2245 6,
1279 2194 1328 2235 et
1348 2188 1428 2246 46,
1463 2194 1609 2249 atque
1631 2187 2326 2252 alios.—SCH.——Immoti]
2352 2191 2413 2239 de

419 2268 467 2315 g.
493 2253 619 2315 conj.
644 2251 717 2300 sb.
747 2252 814 2299 In
834 2254 974 2299 morti
995 2251 1326 2313 EGg.—OR.

481 2317 594 2365 437.
629 2317 698 2363 At
732 2318 938 2379 quinque
973 2314 1139 2379 stellae]
1184 2317 1344 2377 Forte,
1379 2317 1446 2364 At
1467 2319 1623 2379 quince
1642 2316 1784 2365 stella
1806 2317 1867 2365 ob
1888 2332 2097 2365 versum.
2132 2333 2412 2381 quanquam

417 2380 536 2430 alias
574 2396 672 2428 non
712 2396 908 2443 negem,
947 2381 1121 2429 Graeco
1143 2396 1278 2429 more
1298 2382 1495 2429 brevem
1517 2381 1702 2429 duabus
1724 2381 1823 2429 illis
1845 2384 2071 2430 consonis
2096 2384 2410 2444 sequentibus

413 2462 555 2509 posse
569 2445 786 2508 produci,
797 2446 881 2493 sed
893 2446 986 2493 hoc
1003 2446 1296 2493 Germanico
1309 2446 2410 2511 inusitatum.—Gn.—SCH.—-Quiq.]sic=

419 2510 664 2573 Quinque)
689 2511 800 2559 alite
820 2512 864 2557 si
885 2512 1031 2559 stelloe
1051 2510 1113 2558 A.
1152 2510 1287 2560 Hinc
1307 2511 1441 2558 dedi:
1482 2510 1702 2574 Quinque
1723 2512 1830 2559 aliae
1852 2513 2010 2570 stellae,
2032 2519 2089 2560 ut
2112 2512 2240 2575 apud
2264 2514 2409 2561 Avie-

413 2591 538 2624 num
571 2591 618 2623 v·
655 2576 770 2623 908.
808 2575 1026 2638 Quinque
1059 2577 1225 2623 itidem
1266 2576 1423 2633 stelle,
1464 2581 1515 2623 et
1550 2576 1759 2624 Aratum
1802 2576 1966 2639 ipsum
2005 2592 2052 2626 ν.
2090 2579 2203 2627 454.
2269 2576 2334 2626 Οἱ
2367 2576 2410 2625 δ’

415 2639 590 2704 ἐπιμὶξ
611 2638 767 2687 ἄλλοι
791 2637 936 2687 πέντ’
961 2637 1188 2705 ἀστέρες.
1227 2642 1294 2687 At
1311 2644 1516 2703 quinque
1538 2640 1683 2688 stellae
1708 2640 1885 2703 Eng.
1922 2658 1946 2689 e
1966 2642 2201 2705 producto
2222 2649 2333 2691 ante
2350 2649 2410 2691 st.

412 2706 480 2753 At
501 2708 653 2769 quince
673 2705 818 2753 stellae
839 2705 897 2752 de
917 2720 964 2766 g.
990 2706 1116 2767 conj.
1142 2721 1181 2754 s.
1215 2705 1533 2767 leyiferuntur
1553 2704 1663 2765 (sic)
1685 2704 1931 2753 A.—0R.

479 2772 592 2818 438.
633 2768 890 2818 Contraria
924 2771 1118 2817 volvunt
1156 2768 1421 2831 cum-icula]
1460 2770 1591 2817 Rem
1632 2769 1843 2817 declarat
1874 2770 2064 2818 Plinius
2085 2770 2170 2819 lib.
2192 2770 2267 2818 ΙΙ.
2292 2786 2335 2821 c.
2361 2776 2406 2820 8.

415 2835 523 2883 add.
547 2834 786 2898 Harduini
806 2841 908 2883 not.
931 2839 980 2880 et
1001 2834 1282 2882 Macrobius
1317 2834 1484 2882 Somn.
1506 2835 1637 2897 Scip.
1663 2833 1704 2881 Ι.
1736 2836 1809 2881 18.
1880 2835 2165 2883 Cleomedes
2189 2851 2303 2898 pag.
2326 2837 2405 2895 99,

421 2901 528 2958 100,
571 2901 680 2957 101,
719 2906 770 2947 et
811 2898 1012 2960 Capella.
1047 2900 1106 2947 de
1144 2904 1284 2961 nupt.
1323 2898 1493 2961 philol.
1516 2899 1602 2948 lib.
1624 2898 1778 2949 V111;
1814 2914 1924 2961 pag.
1952 2899 2063 2957 287,
2088 2902 2197 2949 288.
2266 2900 2407 2949 Idem

413 2964 606 3013 Plinius
644 2964 814 3012 eodem
852 2963 975 3011 libro
1013 2963 1381 3027 insequentibus
1403 2964 1552 3013 etiam
1572 2964 1725 3012 nostri
1746 2965 1961 3013 versibus
1993 2964 2156 3013 lucem
2186 2964 2408 3015 affert.—

477 3094 590 3145 439.
630 3093 877 3142 Cum-iente
899 3092 1138 3141 A.-—-0R.

477 3160 592 3205 440.
627 3156 780 3205 Haud
811 3158 1026 3221 equidem
1047 3160 1228 3221 passim
1248 3158 1346 3205 alio
1367 3159 1635 3220 continqere
1666 3159 1799 3220 siyno
1836 3157 1953 3214 Quae
1988 3158 2146 3206 divisa
2176 3158 2276 3207 dies
2295 3158 2406 3207 hinc

411 3229 568 3335 2⁸32}
587 3221 1133 3350 ’ἑΐῷαᾚερῖἶῗὲῗῖἐ
1158 3222 1806 3349 {3392222-‘2212‘2232
1814 3222 2237 3336 iiivssssffffissffi
2236 3224 2404 3337 effi

1608 3320 1623 3345 ,
2205 3323 2217 3335 .

410 3354 581 3414 possis,
623 3352 799 3415 inquit,
838 3351 1151 3401 Planetarum
1187 3351 1395 3399 alterum
1436 3367 1524 3415 per
1554 3352 1762 3399 alterum
1798 3353 2223 3414 comprehendere,
2256 3354 2329 3401 uti
2349 3355 2403 3402 in

409 3416 520 3464 fixis
541 3416 694 3464 stellis
717 3416 891 3473 fecisti,
927 3432 1050 3479 vaga
1083 3417 1325 3479 siquidem
1359 3416 1458 3463 illis
1483 3412 1561 3464 via
1583 3423 1671 3464 est.
1737 3416 1818 3464 Ita
1838 3417 2087 3465 Avienus:
2124 3417 2304 3466 Nullus
2324 3435 2403 3467 eas

409 3483 508 3529 alio
536 3488 680 3545 pacto
718 3481 999 3543 deprendere
1033 3487 1188 3529 certet.
1283 3484 1406 3529 Tam
1440 3498 1562 3543 vaya
1598 3497 1689 3544 per
1724 3488 1874 3529 totam
1909 3486 2090 3531 cunctis
2126 3485 2207 3531 via
2242 3484 2403 3547 defluit

409 3546 619 3594 aethram.
686 3546 896 3605 Deinde,
919 3546 1002 3603 ait,
1025 3553 1158 3594 ortus
1179 3559 1472 3609 occasusque
1496 3562 1593 3594 non
1614 3561 1713 3593 uno
1734 3547 1859 3594 fiunt
1883 3546 2005 3595 loco.
2079 3548 2399 3597 Gn.--SCH.

414 3610 856 3659 ——Omittittres
876 3626 955 3657 vv.
975 3612 1204 3669 440-442,
1231 3611 1296 3659 A.
1328 3610 1500 3673 (Ibid.)
1527 3609 1705 3673 possis]
1730 3612 1789 3659 de
1809 3626 1859 3673 g.
1882 3613 2011 3673 conj.
2035 3613 2105 3661 sb.
2130 3616 2312 3675 possim
2337 3613 2406 3663 Ε.

401 3678 582 3737 passim
607 3676 702 3737 Gg.
739 3674 914 3738 (Ibid.)
948 3674 1072 3738 alio]
1099 3676 1278 3739 Eng.
1309 3676 1410 3723 ullo
1435 3692 1474 3726 s,
1510 3690 1659 3738 prava
1680 3676 1989 3738 conj.-·—OR.

474 3742 586 3788 441.
624 3740 739 3797 Q-uoe
759 3740 882 3788 divis
903 3739 1054 3803 sedes]
1082 3740 1144 3787 E.
1179 3744 1318 3803 Saepe
1339 3741 1408 3789 sic
1431 3741 1597 3789 stellas
1618 3740 1741 3787 divis
1762 3746 2052 3788 annumerat
2069 3742 2228 3803 poeta.
2262 3743 2398 3790 Atat.

407 3819 458 3852 v.
482 3805 594 3862 457,
620 3801 712 3867 ἧχι
734 3802 956 3854 κέονται.
1025 3805 1139 3862 Quae
1161 3806 1313 3853 divisa
1335 3806 1430 3853 dies
1451 3812 1672 3868 corrupte
1698 3805 1792 3867 Gg.
1830 3804 1969 3863 Quod
2001 3806 2187 3852 diversa
2220 3808 2300 3853 via
2332 3813 2401 3854 est

406 3868 468 3980 ge
489 3885 537 3931 g.
564 3869 758 3982 conjhb.
775 3869 994 3983 bCungtss
1004 3872 1162 3919 invisa
1185 3872 1316 3934 quies
1337 3885 1376 3918 s.
1399 3871 1527 3933 conj.
1569 3869 1740 3933 (Ibid.)
1772 3870 1885 3918 hinc
1900 3876 2043 3933 atque
2064 3868 2198 3931 hinc]
2223 3870 2397 3933 EGgs.

440 3949 486 3981 ec
516 3950 546 3981 a
597 3950 656 3982 ue
710 3949 755 3981 w
811 3958 890 3981 .—
997 3968 1011 3984 .

472 3941 598 4047 443?
616 4000 720 4047 Nec
741 4000 987 4059 anfractus
1007 4000 1156 4048 brevis
1175 3998 1298 4063 iuis]
1321 4014 1436 4047 nam
1459 4000 1520 4047 ab
1544 3998 1787 4063 Ecliptica
1808 3998 1927 4048 alias
1948 3998 2010 4045 ad
2031 3999 2397 4061 septentriones,

407 4062 530 4113 alias
553 4064 614 4113 ad
633 4064 868 4115 australes
889 4064 1002 4113 coeli
1019 4070 1180 4129 partes
1201 4064 1455 4114 discedunt
1475 4064 1647 4127 magis.
1665 4063 1777 4112 vid.
1802 4062 2089 4113 cleomedes
2110 4063 2194 4112 lib.
2218 4062 2260 4112 1.
2285 4079 2397 4128 pag.
