2992 4842
1299 583 1608 630 senona,
2360 565 2441 628 41

546 723 763 799 Aries,
793 733 870 786 ut
901 721 1228 787 Hesiodus
1257 733 1324 787 et
1356 722 1755 807 Pherecydes
1784 723 2028 800 dicunt,
2062 724 2233 787 inter
2278 734 2452 787 astra

459 808 800 871 collocatus
829 818 927 872 est
964 819 1228 892 propter
1277 808 1597 872 Phrixum
1628 819 1697 872 et
1730 807 1988 884 Hellen,
2037 807 2453 872 Athamantis

459 902 526 955 et
558 892 836 956 Nebulae
864 894 1048 957 filios·
1144 892 1280 959 Qui
1306 916 1451 958 cum
1484 915 1815 958 novercam
1856 894 2139 957 occidere
2185 893 2447 971 vellent,

457 977 666 1041 insani
695 1001 734 1041 a
764 976 1002 1041 Libero
1035 977 1337 1042 dicuntur
1377 979 1624 1057 effecti3
1672 979 1785 1062 qui
1816 979 1967 1042 dum
1996 978 2064 1042 in
2096 979 2251 1043 silva
2278 1001 2449 1043 erra-

458 1074 625 1138 rent,
665 1074 872 1127 mater
899 1064 990 1127 eis
1021 1063 1314 1128 Arietem
1363 1075 1585 1127 aurata
1634 1065 1800 1147 pelle
1842 1064 2044 1127 fertur
2083 1063 2447 1142 adduxisse,

461 1148 750 1230 quicum
779 1149 1074 1232 navigare
1121 1150 1382 1226 vellent,
1413 1149 1483 1210 in
1532 1171 1705 1212 mare
1752 1149 2020 1233 projecti
2064 1158 2235 1225 sunt,
2323 1149 2450 1212 uod

457 1231 724 1316 pelagus
753 1233 833 1296 ab
867 1233 1092 1297 Helles
1112 1235 1370 1298 nomine
1397 1233 1857 1316 Hellespontus
1886 1244 2164 1298 vocatur.
2330 1233 2449 1298 elle

458 1328 676 1380 autem
705 1325 803 1398 (ut
829 1318 1036 1402 aiunt)
1077 1341 1116 1382 a
1146 1318 1249 1382 Ne
1299 1329 1458 1382 tuno
1487 1319 1723 1382 salvata
1762 1328 1879 1394 est,
1924 1331 1991 1382 et
2020 1339 2105 1382 ex
2146 1340 2221 1381 ea
2260 1340 2454 1402 puer-

457 1424 566 1465 um
602 1401 902 1466 Paeonem
931 1405 1178 1486 genuit.
1245 1341 1529 1468 Bhrixus
1551 1414 1764 1467 autem
1788 1403 2070 1467 insidens
2090 1417 2450 1487 praeparato

457 1487 663 1563 arieti,
717 1486 984 1552 Colchos
1013 1490 1324 1553 adductus
1377 1500 1475 1552 est
1523 1489 1603 1553 ad
1650 1487 1911 1553 AEetam
1943 1511 2183 1572 regem,
2229 1489 2449 1572 ibique

458 1572 750 1637 Arietem
778 1573 980 1638 Marti
1021 1573 1390 1651 immolavit,
1441 1575 1630 1658 eique
1680 1597 1861 1637 suam
1910 1596 2169 1638 auream
2214 1574 2449 1658 pellem

458 1659 787 1735 concessit,
819 1670 1164 1743 antequam
1184 1660 1356 1723 inter
1376 1671 1547 1723 astra
1574 1660 2002 1742 processisset,
2024 1681 2217 1742 quam
2236 1659 2449 1724 Draco

457 1743 818 1807 custodivit.
911 1744 1232 1808 Genitum
1261 1755 1478 1808 autem
1525 1743 1696 1808 hunc
1747 1743 2037 1808 Arietem
2086 1745 2309 1808 dicunt
2361 1767 2448 1808 ex

459 1827 772 1912 Neptuno
804 1840 871 1893 et
899 1829 1312 1913 Theophane,
1339 1829 1581 1894 Altidis
1604 1829 1755 1905 filia,
1781 1851 1973 1913 quam
1997 1851 2141 1894 cum
2164 1830 2447 1894 adamas-

455 1924 576 1992 set,
604 1914 674 1978 in
702 1914 978 1978 insulam
1011 1915 1398 1979 Crinnissam
1423 1914 1735 1991 traduxit,
1766 1915 1963 1998 inque
1986 1937 2167 1978 ovem
2190 1937 2447 1978 conver-

457 1998 558 2074 tit,
579 2021 724 2062 cum
744 2000 961 2084 quain
993 1999 1274 2064 Arietem
1294 2012 1583 2063 mutatus
1601 2000 1969 2076 concubuit,
1990 2023 2075 2063 ex
2101 2022 2231 2083 qua
2258 1999 2447 2064 Aries

456 2083 882 2166 chrysovellus
901 2097 1112 2148 natus,
1203 2084 1507 2168 Nigidius
1530 2084 1701 2147 hunc
1726 2084 2016 2149 Arietem
2040 2085 2192 2148 dicit
2212 2087 2441 2148 ducem

455 2178 523 2231 et
551 2169 904 2253 principem
945 2193 1081 2234 esse
1121 2170 1446 2253 signorum
1479 2170 1719 2233 zodiaci
1751 2170 1989 2234 circuli.
2083 2169 2441 2234 Immortali

453 2265 670 2316 autem
700 2253 940 2318 honore
971 2257 1298 2333 donatum,
1342 2256 1515 2341 quod
1545 2277 1689 2318 cum
1720 2253 1919 2318 Liber
1964 2256 2320 2320 exercitum
2371 2256 2440 2318 in

456 2336 806 2421 Aphricam
852 2340 1132 2417 duceret,
1167 2351 1233 2404 et
1261 2363 1450 2425 aquae
1498 2341 1782 2424 inopiam
1826 2350 2174 2424 pateretur,
2224 2340 2440 2404 subito

457 2422 648 2487 Aries
678 2447 764 2488 ex
795 2447 988 2490 arena
1017 2425 1238 2502 exivit,
1271 2438 1338 2489 et
1368 2425 1679 2490 Liberum
1709 2448 1851 2489 cum
1886 2447 2002 2489 suo
2032 2425 2320 2489 exercitu
2356 2425 2441 2488 ad

455 2531 684 2594 aquam
715 2511 1021 2594 perduxit
1049 2511 1370 2575 divinitus·
1461 2510 1609 2574 Hoc
1634 2510 1803 2574 facto
1833 2511 2030 2574 Liber
2060 2533 2207 2575 eum
2249 2510 2439 2574 Arie-

455 2605 588 2658 tem
616 2593 659 2657 J
660 2617 838 2658 ovem
869 2594 1252 2660 Ammonem
1283 2596 1645 2681 appellavit,
1678 2596 1867 2680 eique
1895 2595 2115 2660 fanum
2144 2597 2443 2678 magnifi-'

457 2701 605 2743 cum
649 2680 824 2757 fecit,
857 2704 932 2744 eo
961 2682 1030 2743 in
1060 2680 1219 2759 1000,
1252 2682 1320 2746 in
1351 2704 1480 2766 quo
1510 2691 1765 2764 reperta
1808 2692 1908 2745 est
1944 2703 2130 2764 aqua,
2163 2693 2241 2744 et‘
2258 2681 2439 2745 abest

453 2764 534 2827 ab
565 2764 965 2830 Alexandria
990 2767 1223 2830 itinere
1254 2767 1506 2830 dierum
1536 2788 1783 2842 novem,
1817 2766 1991 2829 locus
2030 2788 2331 2830 arenosus
2368 2777 2437 2830 et

455 2860 829 2934 serpentum
858 2850 1272 2916 multitudine
1303 2853 1551 2936 plenuS,
1584 2863 1649 2914 et
1674 2852 1754 2914 ab
1786 2873 1977 2915 arena
2015 2850 2299 2915 Ammon
2340 2865 2439 2914 est

453 2934 837 2999 nominatus.
928 2934 1250 3001 Praeterea
1281 2936 1470 3001 Aries
1492 2937 1631 3000 dux
1654 2958 1862 3019 aquae‚
1892 2936 2265 3000 immortalis
2294 2958 2437 3000 mu·-

456 3029 650 3097 tatuS,
677 3031 744 3083 et
773 3020 913 3084 caeli
943 3022 1150 3086 sidera
1169 3034 1565 3086 consecutus·
1656 3020 1986 3086 Convertit
2006 3033 2222 3086 autem
2244 3033 2439 3104 caput

453 3104 534 3167 ad
554 3103 860 3183 Taurum,
889 3107 1025 3190 ipse
1065 3117 1282 3171 autem
1323 3108 1685 3193 assequitur
1725 3107 1868 3171 aliis
1908 3106 2123 3189 signis.
2216 3105 2439 3171 Habet

451 3199 670 3254 autem
699 3191 931 3268 stellas,
964 3192 1034 3255 in
1064 3193 1270 3276 capite
1303 3215 1517 3269 unam,
1562 3193 1631 3255 in
1662 3192 1963 3255 auriculis
1992 3203 2142 3268 tres,
2174 3191 2242 3254 in
2273 3191 2435 3256 collo

453 3274 628 3350 duaS,
652 3276 718 3338 in
744 3277 1109 3341 summitate
1128 3279 1362 3361 pedum
1383 3277 1773 3342 anteriorum
1798 3277 2191 3360 singulorum
2215 3276 2434 3360 singu-

449 3359 565 3436 las,
596 3361 666 3422 in
696 3360 882 3425 dorso
913 3374 1210 3446 quatuor,
1240 3364 1310 3427 in
1339 3363 1541 3427 cauda
1564 3385 1779 3439 unam,
1810 3362 1879 3425 in
1906 3372 2127 3425 ventre
2171 3373 2320 3440 treS,
2364 3363 2434 3426 in

449 3446 816 3510 summitate
873 3448 1271 3528 singulorum
1325 3448 1567 3532 pedum
1632 3447 2055 3532 posteriorum
2128 3447 2429 3532 singulas·

452 3529 623 3593 Sunt
649 3553 870 3595 omnes
903 3532 1186 3597 XVIII.

535 3615 747 3700 Super
767 3628 963 3700 caput
983 3617 1228 3682 Arietis
1253 3641 1381 3682 non
1402 3619 1591 3701 longe
1614 3618 1694 3681 ab
1715 3618 2145 3682 Andromedae
2162 3619 2434 3702 pedibus

447 3700 694 3784 adjacet
723 3703 975 3785 signum
1007 3704 1179 3786 quod
1212 3704 1430 3768 Graeci
1458 3704 1541 3766 ob
1572 3705 2051 3768 similitudinem
2096 3703 2311 3767 Deltae
2355 3704 2433 3766 li-

450 3795 605 3849 terae
657 3785 973 3850 Deltoton
1017 3802 1265 3865 vocant,
1317 3787 1539 3853 Latini
1585 3801 1802 3853 autem
1842 3791 1925 3853 ob
1975 3789 2432 3872 proprietatem

444 3869 667 3934 formae
706 3871 1125 3956 Triangulum
1173 3875 1414 3938 dicunt.
1509 3873 1702 3940 Quod
1750 3875 2009 3960 quidam
2037 3899 2076 3939 a
2113 3872 2269 3936 Jove
2316 3897 2433 3956 per

449 3953 850 4021 Mercurium
877 3958 1048 4022 inter
1077 3971 1248 4023 astra
1274 3961 1555 4043 positum
1585 3961 1827 4038 dicunt,
1848 3982 2041 4045 super
2063 3969 2255 4043 caput
2278 3959 2431 4022 Ari-

445 4041 587 4119 etis,
619 4063 739 4125 pro
767 4065 842 4109 eo
873 4045 1047 4128 quod
1075 4045 1415 4112 obscurum
1438 4067 1574 4111 esse
1606 4046 1859 4112 dicitur.
1952 4045 2233 4166 Quidgm
2280 4067 2431 4108 vero
