2992 4842
1106 598 1175 631 AD
1202 598 1560 630 Pnaexoutxa
1585 598 1820 631 ΔΒΑΤΒΑ-
2407 584 2458 632 ix

451 721 717 768 Ariadneae
753 721 989 783 quondam
1028 726 1327 767 nucamenta
1374 736 1569 767 eor-one.
1639 721 1814 767 Gne-r.
1925 719 2200 782 Ariadne]
2245 719 2462 768 Ariadne

468 785 562 832 fuit
598 785 783 832 Minois
822 792 873 832 et
909 785 1173 847 Pasiphaes
1205 785 1325 843 filia,
1366 801 1479 846 quae
1513 785 1762 832 Theseum
1791 785 1908 832 vitae
1941 785 2158 847 periculo
2201 785 2460 833 h‘beratum

468 857 706 908 secutura,
742 851 797 897 in
830 850 1007 897 Baochi
1042 865 1219 896 manus
1249 851 1437 906 incidit,
1470 850 1615 912 eique
1634 865 1724 912 pro
1747 865 1896 896 uxore
1915 849 2026 897 suit.
2109 851 2340 912 Hyginus
2361 851 2456 898 sab.

469 915 577 961 224.
660 915 970 976 Palaephatus
1008 915 1199 961 Incred.
1240 915 1357 962 hist.
1392 931 1434 961 c.
1474 917 1520 961 2.
1557 924 1680 961 extr.
1711 914 1854 961 ovid.
1895 915 2100 961 Metam.
2145 915 2300 962 VIII.
2343 915 2456 964 172.

471 979 681 1026 Pausan.
702 979 768 1026 X.
792 994 834 1025 o.
860 981 939 1035 29,
960 979 1081 1026 adde
1106 979 1359 1026 Catullum
1375 980 1427 1026 in
1450 979 1762 1041 epithalamio
1783 979 2022 1036 Thetidis,
2043 987 2092 1026 et
2112 979 2248 1026 alios.
2291 980 2458 1040 Hujus

468 1058 695 1090 coronam
734 1044 955 1091 Bacchus
985 1045 1038 1090 in
1074 1044 1199 1091 coelo
1232 1044 1463 1106 reposuit.
1529 1044 1780 1091 Eratosth.
1801 1052 1896 1092 eat.
1915 1046 1964 1091 5.
2032 1045 2166 1091 Hine
2200 1044 2460 1091 Claudiam.

472 1107 577 1154 ΙΙΙ.
600 1108 659 1155 de
680 1108 809 1154 laud.
833 1107 984 1156 stilic.
1064 1111 1159 1156 Seu
1179 1108 1269 1156 tibi
1294 1108 1487 1156 Dicta
1505 1110 1788 1170 placuerunt
1806 1115 1936 1155 astra
1961 1124 2154 1164 eamne,
2191 1109 2288 1155 Seu
2309 1112 2462 1170 may-'s

468 1175 624 1220 estivo
644 1175 772 1220 sedes
792 1176 949 1220 vicina
970 1175 1111 1220 leoni.
1144 1172 1253 1220 add.
1276 1173 1449 1220 Manil.
1472 1173 1533 1220 V.
1558 1175 1637 1220 21.
1703 1173 1908 1220 Ovidius
1931 1174 2062 1220 Fast-
2085 1173 2191 1221 111.
2219 1175 2458 1229 459·516‚

472 1245 522 1283 et
554 1237 617 1285 V.
640 1237 1081 1285 345.--scH.--
1104 1238 1247 1284 Clara
1286 1237 1540 1285 Ariadneo
1571 1245 1764 1285 saerata
1795 1244 1864 1285 at
1895 1237 2028 1300 ique]
2065 1239 2253 1300 BEGg.
2311 1238 2460 1286 Clam

472 1303 736 1349 Ariadneos
767 1311 953 1350 sacrata
980 1305 1129 1364 stiqne
1162 1303 1227 1350 A.
1275 1303 1421 1349 Clara
1452 1303 1692 1350 Ariadneo
1715 1307 1943 1366 proprius
1962 1319 2006 1365 q.
2043 1303 2112 1363 (ἲ)
2145 1310 2242 1350 stat
2261 1305 2371 1364 ι’φιε
2395 1303 2458 1350 G.

476 1368 619 1414 Clara
640 1366 887 1414 Ariadn-eoe
912 1367 1147 1429 (spatium
1170 1369 1401 1426 vacuum)
1418 1374 1516 1414 stat
1533 1370 1642 1429 ique
1661 1367 1718 1414 P.
1760 1367 1908 1415 Clara
1929 1369 2178 1415 Ariadne
2193 1383 2344 1431 prope
2363 1383 2460 1430 qua

470 1437 597 1478 stant
606 1435 742 1494 siqua
754 1447 933 1479 corone
948 1447 985 1478 s.
995 1430 1372 1478 ClaroAriadnoe
1382 1447 1481 1494 qua
1499 1439 1688 1478 saerata
1703 1439 1772 1478 est
1786 1436 1892 1493 ique
1906 1433 1998 1481 ab.
2009 1433 2150 1494 quasi
2165 1449 2192 1480 e
2211 1433 2462 1480 (ἴα-ΟΒ.

538 1497 617 1545 72.
653 1497 777 1558 Ejus
798 1511 877 1543 res
896 1496 1008 1543 vide
1043 1497 1095 1543 in
1122 1497 1432 1558 Dionysiaeis
1454 1496 1640 1552 Nonni,
1671 1498 1849 1557 quibus
1875 1497 2014 1552 adde,
2053 1498 2186 1558 quod
2217 1512 2378 1544 emere
2411 1503 2462 1544 et

472 1561 678 1608 vendere
710 1561 941 1616 instituit,
978 1568 1029 1608 et
1071 1560 1313 1618 diadema,
1356 1562 1548 1623 regium
1591 1561 1799 1622 insigne,
1837 1569 1886 1609 et
1907 1563 2214 1624 triumphum
2257 1561 2462 1609 invenit.

471 1625 678 1684 Plinius,
700 1625 823 1673 VII.
844 1641 887 1672 c.
912 1625 991 1673 56.
1058 1626 1156 1673 Adi
1180 1626 1512 1688 MythologoS.
1561 1625 1788 1683 thalami]
1825 1626 1968 1673 Ovid.
2001 1626 2149 1673 Trist.
2168 1626 2227 1673 V.
2263 1627 2384 1687 eleg.
2411 1628 2458 1676 3.

470 1705 514 1736 v.
536 1693 595 1736 41
622 1690 683 1737 ad
706 1691 949 1737 Bacchum
969 1708 982 1736 ε
1017 1689 1101 1738 Sic
1120 1693 1259 1738 micet
1277 1696 1516 1747 eternum,
1535 1693 1780 1752 vicumque
1797 1691 1953 1737 sidera
1973 1694 2136 1738 vincat
2172 1693 2390 1753 Conjuyis
2409 1693 2462 1738 in

468 1755 579 1802 eaelo
600 1756 734 1803 clara
750 1770 923 1802 corona
944 1761 1047 1802 tuoe.
1113 1756 1370 1803 claudian.
1388 1756 1451 1803 de
1469 1755 1672 1817 Nuptiis
1695 1755 1902 1802 Honorii
1917 1763 1966 1802 et
1990 1756 2121 1803 Mar.
2168 1758 2220 1803 Si
2237 1755 2460 1803 Bacchus

468 1826 655 1867 amator
686 1820 858 1866 Dotali
883 1823 1041 1882 potuit
1066 1819 1233 1868 coeltem
1264 1824 1454 1882 stqnare
1487 1835 1662 1867 corona
1675 1836 1692 1865 .·
1733 1819 1834 1867 Cur
1869 1821 2018 1867 nullis
2051 1823 2180 1881 vir-90
2211 1821 2460 1867 redimitur

462 1884 711 1945 pulchrior
730 1885 901 1932 astris?
939 1885 1048 1933 add.
1090 1885 1255 1931 Noun.
1293 1886 1498 1948 Dionys.
1519 1884 1782 1931 XXXIII.
1806 1885 1918 1940 270,
1953 1893 2004 1932 et
2024 1885 2238 1932 XLVII.
2261 1886 2378 1944 449,
2411 1893 2462 1933 et

470 1948 722 1995 XLVIII.
756 1957 875 1996 extr.
943 1949 1229 1996 Lactantius
1257 1949 1418 1996 Instit.
1457 1949 1606 1996 divin.
1646 1949 1692 1998 Ι.
1726 1964 1767 1996 c.
1793 1949 1869 2005 10,
1901 1963 1942 1995 s.
1979 1951 2024 2005 8,
2060 1949 2328 1996 9.-SCH.

536 2013 617 2064 73.
652 2014 863 2075 Vulgati,
910 2015 1062 2075 Terqa
1096 2017 1248 2061 nitent
1276 2014 1429 2062 stellis
1458 2030 1490 2060 a
1526 2029 1618 2076 quo
1647 2029 1696 2060 se
1729 2017 1899 2060 vertice
1933 2015 2072 2062 tollit.
2139 2013 2350 2060 Versum
2384 2029 2460 2060 se-

471 2086 702 2138 quentem
729 2080 799 2126 ita
820 2079 1047 2139 exprimit
1079 2079 1389 2138 Basileemis,
1425 2077 1674 2126 Succiduis
1688 2077 1884 2139 qenibus
1904 2078 2088 2140 lapsum
2106 2083 2153 2124 et
2175 2077 2460 2125 miserabile.

470 2142 635 2198 Vides,
668 2143 870 2191 deficere
893 2158 1060 2190 vocem
1082 2143 1334 2190 ultimam:
1371 2145 1477 2205 eJus
1509 2143 1617 2190 loco
1641 2143 1928 2205 posterIores
1947 2143 2184 2190 editiones
2203 2149 2460 2190 nwnstmm

468 2207 662 2254 habent.
730 2209 969 2270 Egregios
1002 2223 1115 2255 vero
1150 2209 1390 2264 homines,
1427 2208 1513 2270 qui
1550 2208 1678 2269 quod
1712 2207 1848 2254 deest
1877 2208 1930 2254 iu
1962 2208 2256 2264 auctoribus,
2289 2213 2462 2268 suopte

472 2271 668 2333 ingenio
700 2273 944 2334 supplent,
978 2280 1025 2319 et
1057 2288 1143 2334 pro
1175 2273 1403 2334 genuinis
1423 2273 1692 2320 venditant.
1759 2272 1830 2318 Et
1863 2287 2086 2334 quaenam
2105 2273 2228 2319 ratio
2253 2279 2340 2330 est,
2375 2287 2464 2319 cur

472 2336 721 2398 Engonasi
743 2344 1000 2384 monstrum
1020 2340 1248 2385 vocetur?
1318 2337 1444 2384 Vera
1462 2338 1627 2399 itaque
1663 2337 1986 2398 Manuseripti
2007 2336 2168 2393 lectio,
2201 2352 2349 2399 quam
2372 2351 2462 2384 nos

470 2403 625 2449 secuti
658 2398 843 2449 sumus.
911 2401 1057 2452 Quod
1078 2403 1121 2449 si
1144 2403 1267 2449 mihi
1288 2403 1469 2460 credas,
1503 2402 1604 2449 imo
1637 2402 1732 2464 ipsi
1765 2401 1932 2459 Arato,
1967 2401 2056 2448 hos
2078 2417 2244 2448 versus
2267 2403 2338 2448 ita
2359 2417 2461 2448 res-

472 2466 635 2525 titues,
658 2466 924 2513 commistis
948 2466 1252 2524 lectionibus,
1278 2466 1424 2514 Clara
1440 2466 1690 2514 Ariadneoe
1708 2471 1942 2527 quastant
1955 2481 2094 2514 sacra
2109 2469 2247 2528 siqua
2265 2482 2460 2522 coronoe,

475 2529 652 2591 (Hunc
671 2531 746 2578 illi
768 2532 985 2578 Bacchus
1006 2531 1207 2578 thalami
1226 2547 1405 2579 memor
1424 2532 1560 2578 addit
1579 2529 1823 2590 hono-rem)
1856 2530 1907 2576 T
1901 2546 2012 2592 erya
2033 2533 2184 2578 nitent
2204 2531 2364 2579 stellis.
2400 2531 2464 2577 At

472 2610 569 2656 qua
606 2611 653 2642 se
690 2599 861 2642 vertice
896 2596 1021 2643 tollit
1056 2595 1308 2643 Succiduis
1341 2593 1538 2657 qenibus
1572 2597 1754 2657 lapsum
1788 2600 1836 2640 et
1867 2595 2130 2643 miserabile
2166 2597 2312 2652 sidus,
2358 2595 2464 2642 Hac

476 2659 744 2722 Ophiuchus
764 2663 868 2706 erit.
935 2660 1289 2722 Conjuugenda
1309 2661 1415 2708 haec
1436 2676 1552 2708 cum
1574 2659 1916 2722 superioribus,
1933 2660 2016 2708 ubi
2038 2660 2096 2706 de
2121 2659 2170 2705 N
2173 2661 2252 2706 ixo
2272 2661 2464 2706 locutus

473 2731 563 2771 est.
598 2725 825 2772 Invenies
846 2725 933 2772 illa
954 2726 1149 2782 Aratea,
1174 2724 1335 2787 Νώτφ
1356 2725 1454 2787 μὲν
1476 2722 1700 2788 ςέφανος
1721 2722 1920 2782 πελάει,
1943 2723 2196 2787 κεφαλῇγε
2219 2723 2315 2786 μὲν
2336 2723 2467 2788 ἄκρῃ

475 2786 699 2836 Σκέπτεο
722 2789 832 2852 πὰρ
855 2786 1085 2852 κεφαλήν
1108 2787 1395 2852 ὀφιούχεον.
1480 2790 1696 2837 Omnino
1721 2790 2019 2837 desideratur
2037 2789 2124 2836 illa
2144 2789 2463 2850 parenthesis:

473 2853 543 2900 Et
566 2855 831 2903 notandum
854 2862 942 2913 est,
984 2855 1335 2902 Germanicum
1367 2855 1526 2902 dicere
1554 2855 1647 2912 illi,
1685 2862 1916 2916 tanquam
1956 2855 1998 2901 si
2034 2869 2132 2900 non
2169 2852 2465 2900 Ariadneam

472 2933 700 2966 eoronam
720 2920 807 2965 sed
830 2919 1057 2966 Ariadnae
1081 2919 1297 2977 dixisset,
1331 2917 1442 2967 κατ’
1478 2917 1836 2982 ἰσοδυναμίαν.
1920 2919 2224 2965 Germanum
2247 2924 2319 2964 est
2339 2916 2464 2964 illud

474 2983 637 3030 Ovidii
658 2983 740 3032 lib.
761 2983 805 3031 I.
828 2984 883 3030 de
906 2982 1048 3030 Pont.
1072 2982 1183 3044 θὼρ.
1206 2983 1249 3031 Ι.
1277 3001 1320 3031 υ.
1344 2985 1420 3032 27.
1484 2983 1698 3046 Denique
1723 2986 1948 3040 Caesarw,
1973 2983 2100 3044 quod
2118 2997 2214 3029 non
2234 2982 2467 3028 desulerat

472 3049 589 3109 ipse,
628 3048 744 3095 Non
776 3053 905 3095 caret
938 3063 963 3093 e
996 3051 1169 3095 nostris
1208 3049 1337 3095 ullus
1374 3049 1547 3096 honore
1579 3049 1712 3096 liber.
1783 3049 1958 3095 GRoT.
2041 3046 2324 3094 Consimilis
2348 3061 2465 3107 quo-

474 3112 730 3160 dammodo
744 3119 818 3160 est
833 3113 969 3160 locus
981 3113 1189 3160 Caesaris
1210 3113 1292 3160 lib.
1314 3113 1358 3159 Ι.
1377 3113 1507 3160 Bell.
1532 3113 1662 3161 Gall.
1689 3127 1732 3160 c.
1749 3115 1831 3172 40,
1847 3128 1885 3160 s.
1905 3114 1951 3160 5.
1975 3119 2105 3159 recte
2119 3117 2169 3158 et
2181 3111 2466 3173 simpliciter

472 3179 842 3238 interpretatus:
895 3176 1100 3224 Factum
1135 3179 1277 3224 etiam
1315 3193 1465 3239 nuper
1511 3177 1806 3240 (periculum
1849 3178 1954 3238 ejus
1993 3175 2170 3234 hostis)
2210 3178 2264 3222 in
2310 3176 2462 3222 Italia

470 3242 633 3289 servili
656 3243 873 3297 tumultu,
896 3257 1010 3304 quos
1032 3248 1185 3288 tamen
1209 3243 1385 3304 aliquis
1404 3257 1518 3289 usus
1536 3257 1594 3289 ac
1615 3243 1880 3304 disciplina,
1904 3256 2049 3303 quam
2064 3255 2094 3286 a
2111 3240 2247 3287 nobis
2267 3241 2466 3301 accepis-

472 3313 590 3364 sent,
628 3305 902 3355 sublevaret.
971 3305 1103 3353 Nam
1140 3307 1209 3353 ita
1244 3308 1381 3368 ponit
1418 3322 1550 3368 quos,
1591 3308 1728 3368 quasi
1762 3306 1966 3352 dixisset
1985 3320 2224 3352 servorum
2245 3305 2465 3350 tumultu.

473 3371 626 3418 Varro
650 3371 726 3418 II.
750 3387 790 3418 o.
814 3373 861 3418 6.
925 3369 1033 3431 qu
1052 3371 1108 3418 de
1130 3373 1277 3418 asinis
1295 3374 1594 3432 potissimum
1614 3373 1784 3427 dicam,
1817 3369 1944 3432 quod
1963 3385 2066 3416 sum
2103 3371 2349 3422 Reatinus,
2385 3367 2468 3415 ubi

474 3438 639 3498 optimi
659 3442 705 3484 et
725 3439 927 3484 maximi
934 3438 1101 3498 fiunt:
1134 3436 1271 3497 quasi
1296 3436 1511 3492 dixisset,
1536 3436 1662 3498 quod
1679 3452 1782 3484 sum
1806 3451 1838 3482 a
1862 3437 2026 3490 Reate,
2049 3432 2148 3492 ubi,
2170 3433 2465 3491 &cx—SCH.

603 3501 741 3547 Nitet
762 3501 819 3548 P.
851 3500 1025 3560 (lbid.)
1058 3506 1110 3546 at
1129 3516 1225 3562 qua
1246 3515 1293 3546 se
1317 3499 1512 3561 vertice]
1555 3501 1614 3548 de
1647 3516 1693 3562 g.
1730 3500 1858 3561 conj.
1893 3500 1966 3546 sb.
2013 3513 2164 3560 aquas
2184 3502 2378 3547 evei-tice
2402 3496 2469 3545 A.

476 3565 541 3611 ad
562 3580 678 3626 quas
700 3581 747 3612 se
766 3581 814 3612 v.
832 3565 1025 3626 BEGg.
1058 3580 1089 3612 a
1111 3581 1202 3626 quo
1226 3580 1273 3610 se
1296 3564 1534 3612 P.-0R.

541 3628 620 3678 74.
658 3630 903 3690 Suspicari
926 3629 1055 3684 licet,
1090 3629 1301 3690 effigiem
1321 3629 1446 3675 hanc
1469 3628 1618 3676 fuisse
1641 3627 1890 3675 hominem
1913 3628 1974 3673 ab
2005 3625 2290 3688 AEsculapio
2312 3626 2469 3673 vicino

473 3701 711 3741 curatum.
755 3694 957 3741 Veteres
978 3693 1060 3740 alii
1085 3693 1345 3749 Theseum,
1368 3693 1451 3740 alii
1473 3693 1739 3740 Herculem
1757 3707 1861 3739 esse
1881 3690 2464 3739 dictitant.-SCH.-—

473 3757 701 3805 Suc-eidus
724 3759 785 3806 A.
812 3758 982 3818 (Ibid.)
1016 3757 1213 3819 lassum]
1242 3758 1378 3804 BEb.
1414 3759 1606 3820 lapsum
1625 3757 1787 3818 APgs.
1825 3755 1994 3816 (Ibid.)
2027 3755 2294 3804 miserabile
2314 3752 2467 3814 sidus]

476 3822 725 3884 BEGgsb.
761 3838 861 3870 om.
884 3823 1013 3869 sidus
1035 3821 1138 3872 AP.
1174 3821 1372 3884 (Morel.
1397 3823 1733 3884 suppleverat:
1767 3819 2251 3880 monstrum.)—-OR.

542 3886 618 3937 75.
660 3887 816 3949 Caput
850 3892 961 3934 ante
980 3885 1201 3944 nitendo]
1236 3887 1345 3934 MS.
1382 3887 1608 3934 notabilis
1640 3886 1800 3944 refert,
1837 3885 1922 3932 sed
1943 3899 2109 3932 versus
2143 3898 2238 3930 non
2275 3882 2470 3944 patitur.

475 3950 624 4012 Lege,
662 3951 820 4014 Lonye
856 3957 999 4013 caput
1034 3957 1143 3998 aute
1172 3951 1371 3999 notabis.
1439 3950 1646 3998 Notabis
1669 3949 1850 3997 Aratus
1873 3945 2225 4012 ἑπιφράσσαιο.
2295 3947 2468 3993 Gno'r.

473 4016 615 4063 -SC
626 4017 687 4064 H.
704 4043 811 4052 α-
827 4015 961 4078 Hae]
1004 4016 1221 4063 BEGsb.
1273 4019 1371 4062 Hic
1412 4015 1552 4077 APg.
1608 4015 1785 4076 (capud
1822 4015 1885 4062 A.
1935 4013 2102 4074 (lbid.)
2144 4009 2356 4073 notabis]
2407 4011 2472 4058 E.

471 4079 668 4127 firmans
692 4096 741 4141 g.
770 4081 899 4141 oouj.
922 4082 991 4128 sb.
1025 4080 1250 4128 notabilis
1275 4080 1381 4127 BG.
1414 4081 1608 4128 nitendo
1631 4079 1770 4140 APg.
1807 4079 1912 4140 (De
1951 4079 2005 4126 F.
2027 4093 2124 4126 non
2148 4083 2336 4124 constat
2358 4076 2469 4123 inde

473 4160 499 4191 a
523 4160 565 4192 v.
590 4147 669 4195 71.
700 4161 851 4206 usque
876 4145 933 4193 ad
963 4161 1003 4192 v.
1027 4145 1308 4203 86.)-0R.
