2992 4842
1263 593 1555 630 strennui.
2327 582 2409 631 ciii

417 721 644 770 minatur.
710 719 842 773 Nam
861 719 1036 767 minari
1056 720 1200 768 boves
1221 727 1310 782 est,
1331 721 1459 784 quod
1482 721 1669 771 Graecis
1690 718 1945 785 ὁμοκλεῖν,
1962 729 2012 770 et
2024 720 2235 781 Tibullo,
2258 722 2345 772 lib.
2363 722 2407 772 Ι.

421 784 564 847 Eleg.
588 784 636 834 I.
671 800 718 834 v,
751 787 827 846 10,
865 787 1136 848 increpare.-
1177 785 1276 833 Aut
1317 787 1507 834 stimulo
1548 785 1709 834 tardos
1748 790 2029 850 increpuisse
2068 787 2215 836 boves.
2283 787 2407 837 Inde

417 850 596 898 minari
617 847 738 899 ἀντὶ
759 849 849 897 τοῦ
869 847 1170 910 βοηλατεῖν.
1237 851 1382 900 Quod
1406 851 1647 913 Apulejus
1662 858 1862 900 etvetus
1882 851 2139 900 bibliorum
2160 867 2406 901 sacrorum

418 914 654 978 interpres
678 922 986 978 usurparunt,
1019 930 1076 962 ac
1098 915 1244 978 vulgo
1263 917 1314 964 in
1335 916 1579 964 idiotismo
1604 916 1792 976 Italico,
1832 917 2113 979 Hispanico,
2142 917 2331 965 Gallico
2352 918 2407 967 in

419 994 515 1027 usu
535 987 622 1028 est.
693 981 876 1028 Baculo
896 982 1072 1026 minari
1095 981 1178 1038 ait,
1211 980 1489 1043 intelligens
1524 981 1722 1044 pedum,
1760 983 1889 1045 quod
1922 983 2182 1031 Asterismi
2208 984 2407 1030 Graeco-

416 1059 531 1092 rum
573 1051 748 1093 vocant
790 1040 1127 1108 κολόρῤοβον,
1176 1045 1270 1093 hoc
1312 1055 1399 1104 est,
1443 1044 1771 1110 καλάυροπα.
1836 1046 2025 1109 Adjicit
2068 1047 2407 1106 Germanicus,

416 1109 828 1172 Arctophylacem
851 1125 879 1157 a
897 1110 1146 1158 nonnullis
1181 1110 1378 1158 Icarum
1396 1111 1571 1159 vocari.
1638 1113 1899 1176 Propterea
1920 1112 2279 1175 Septentriones
2302 1112 2407 1160 Ica-

414 1173 514 1224 rios
554 1175 700 1222 boves
731 1181 872 1222 vocat
907 1175 1188 1238 Propertius
1210 1175 1283 1224 11.
1322 1175 1466 1238 Eleg.
1491 1178 1570 1232 24,
1607 1191 1655 1224 v,
1680 1179 1771 1225 24:
1806 1176 2033 1226 Flectunt
2070 1177 2221 1226 Icarii
2252 1179 2409 1225 sidera

417 1239 556 1287 tarda
577 1239 728 1289 boves.
794 1240 1064 1288 Scsmonn
1087 1239 1146 1286 ad
1171 1238 1346 1288 Manil.
1372 1240 1416 1289 Ῑ.
1437 1256 1485 1289 v.
1510 1241 1619 1298 316,
1642 1257 1689 1304 p.
1708 1243 1785 1298 33,
1810 1243 1889 1288 34.
1962 1244 2239 1306 Baculoque
2258 1245 2407 1290 noina-

417 1303 516 1366 τω]
563 1303 738 1361 Aldus,
769 1307 994 1352 minatur.
1061 1304 1280 1352 Monta..
1354 1305 1619 1367 Baculoque
1655 1303 1889 1365 minatur]
1926 1307 2056 1354 Mihi
2086 1308 2408 1370 aquiminalia

415 1382 532 1416 vasa
564 1369 790 1416 videntur
824 1369 1068 1418 miuandis
1100 1370 1201 1416 sive
1229 1370 1428 1431 agendis
1450 1371 1589 1432 aquis
1610 1371 1768 1419 utilia.
1834 1371 1941 1419 Nec
1964 1371 2109 1420 lectio
2130 1379 2269 1420 vetus
2291 1388 2403 1420 mu·

415 1435 575 1491 tanda,
592 1434 720 1497 quod
736 1434 1002 1482 doctissimi
1013 1433 1096 1481 isti
1108 1434 1331 1483 homines
1344 1435 1619 1494 voluerunt,
1634 1451 1747 1484 cum
1762 1436 1908 1484 etiam
1922 1437 2116 1499 optimis
2130 1437 2407 1485 auctoribus

413 1501 594 1546 minari
626 1499 760 1546 idem
795 1500 858 1546 sit
894 1499 1023 1561 quod
1057 1515 1209 1560 aqere.
1277 1500 1599 1548 Germanicus
1620 1501 1784 1549 Caesar
1804 1501 2025 1550 Arateis:
2062 1501 2093 1549 Ι
2092 1502 2180 1549 nde
2206 1501 2405 1549 Helicen

412 1565 625 1626 sequitur
642 1567 798 1612 senior
814 1565 862 1612 Ιι.
888 1579 932 1627 q.
957 1579 1019 1613 m.
1084 1564 1296 1613 Bsnrn.
1334 1564 1555 1612 XLVII.
1589 1580 1635 1615 c.
1656 1566 1701 1626 ⁷,
1735 1582 1781 1629 p.
1807 1567 1949 1615 2198.
2018 1567 2113 1614 Sed
2134 1581 2247 1614 cum
2283 1566 2403 1613 Bar-

415 1627 518 1676 thio
538 1643 712 1676 novam
733 1629 1136 1690 significationem
1154 1629 1336 1691 fingere
1357 1630 1525 1678 nolim.

481 1693 560 1740 92.
596 1691 789 1756 Icarus]
861 1694 1022 1741 Graeci
1077 1694 1332 1756 scriptores
1387 1709 1557 1742 omnes
1610 1695 1824 1744 Icarium
1876 1694 2139 1758 appellant.
2237 1695 2403 1743 Latini

413 1757 618 1806 variant.
685 1758 817 1806 Nam
839 1766 888 1806 et
913 1758 1137 1806 Tibullus
1157 1759 1288 1807 hunc
1311 1759 1520 1807 eundem
1543 1759 1739 1808 Icarum
1761 1759 1988 1823 appellat.
2054 1761 2143 1808 Ait
2164 1760 2297 1807 enim
2317 1760 2402 1808 lib.

415 1821 504 1870 IV.
530 1829 577 1871 et
593 1826 772 1871 cunctis
795 1822 1251 1884 Bacchojucundior
1269 1823 1432 1886 hospes
1449 1824 1633 1874 Icarus.
1702 1825 1848 1875 Quod
1867 1825 1998 1872 idem
2018 1825 2149 1888 apud
2171 1824 2403 1873 Ovidium

412 1887 650 1950 reperitur
670 1888 937 1950 aliquoties.
973 1888 1192 1936 Monet..
1255 1887 1447 1950 Icarus]
1481 1890 1637 1937 Arcas
1659 1899 1866 1938 matrem
1885 1890 2202 1938 transfixurus
2226 1890 2403 1952 sagitta

412 1951 467 1998 in
501 1952 682 2000 coelum
718 1953 958 2015 repositus
997 1957 1084 2010 est,
1123 1961 1178 2000 ut
1215 1961 1342 2001 esset
1379 1954 1729 2018 Arctophylax.
1794 1955 1898 2004 Alii
1933 1955 2065 2003 hunc
2100 1955 2271 2003 volunt
2293 1970 2399 2003 esse

415 2015 628 2066 Icarum.
696 2018 891 2066 Servius
911 2018 972 2065 sd
995 2018 1172 2079 Georg.
1197 2017 1240 2066 Ι.
1265 2017 1347 2067 68.

479 2083 557 2130 98.
595 2082 752 2140 Quam
784 2090 844 2141 te,
886 2084 1015 2140 diva,
1052 2081 1232 2145 vocem]
1286 2082 1636 2132 Broeckhusius
1656 2084 1716 2132 ad
1748 2084 1931 2132 Tibulli
1966 2084 2051 2133 lib.
2075 2083 2118 2132 1.
2157 2083 2299 2146 Eleg.
2324 2083 2402 2133 11.

411 2161 460 2209 p.
484 2149 596 2205 205,
618 2154 757 2209 putat
775 2147 902 2195 hanc
920 2147 1172 2209 Virginem
1195 2148 1341 2198 etiam
1357 2163 1523 2211 pacem
1543 2163 1683 2210 posse
1705 2149 1961 2212 perhiberi.

481 2212 592 2260 105.
625 2212 720 2260 Seu
735 2229 882 2275 genus
903 2211 1098 2274 Astraei]
1133 2212 1293 2260 Aldus
1313 2213 1403 2261 hos
1423 2213 1545 2260 duos
1565 2229 1731 2262 versus
1750 2215 1821 2262 ita
1841 2214 2002 2262 cudit:
2035 2212 2149 2261 Sive
2167 2213 2244 2260 illi
2263 2217 2395 2260 astra

411 2291 556 2338 qmus
577 2279 750 2339 suerit,
792 2293 927 2341 quem
951 2280 1099 2340 sama
1128 2284 1376 2341 parentem
1421 2277 1650 2327 Tradidit
1682 2285 1935 2339 astrorum,
1960 2295 2009 2326 se
2030 2294 2139 2327 vero
2160 2281 2403 2340 intercipit

411 2343 749 2391 ‹evm—Mon.

482 2408 592 2456 106.
626 2407 708 2454 Ad
739 2413 878 2455 notas
919 2405 1135 2456 adscribe
1177 2407 1324 2455 etiam
1363 2407 1603 2465 Servium,
1642 2408 1727 2472 qui
1760 2409 1930 2458 itidem
1964 2407 2215 2471 Erigonen
2253 2406 2399 2456 Icarii

410 2471 565 2520 filiam
584 2487 690 2520 esse
709 2472 893 2531 statuit,
913 2472 966 2520 in
987 2473 1114 2520 notis
1133 2472 1194 2519 ad
1218 2472 1396 2533 Georg.
1423 2472 1496 2521 11.
1523 2474 1635 2522 389.

484 2536 594 2588 107.
627 2536 810 2584 Mediis
830 2542 876 2583 te
895 2537 1004 2584 loeta
1021 2537 1216 2598 serebas
1237 2537 1461 2585 Sublimis
1474 2536 1690 2600 populis]
1727 2538 1805 2585 Ita
1826 2554 1883 2586 eo
1903 2538 2011 2585 loco
2029 2537 2211 2585 habent
2230 2551 2401 2586 omnes

412 2601 664 2659 editiones,
685 2601 896 2664 antiquae
912 2610 961 2649 et
974 2609 1205 2660 recentes,
1231 2602 1378 2650 etiam
1403 2603 1725 2650 Bononiensis
1744 2611 1909 2650 nostra
1930 2602 2077 2650 MSS.
2100 2602 2221 2664 ipsis
2240 2617 2401 2665 aequa.-

411 2666 540 2714 bilis.
628 2665 699 2714 At
740 2681 895 2728 neque
934 2666 1192 2714 mollitudo
1234 2667 1462 2715 carminis
1504 2683 1594 2715 nec
1634 2668 1927 2715 consuetudo
1971 2667 2136 2714 Poetae
2179 2667 2401 2715 abnuunt

410 2732 743 2794 reponendum
763 2729 1006 2779 sublimem
1037 2735 1091 2778 in
1116 2733 1320 2794 populis.
1387 2729 1745 2780 Duriusculum
1780 2733 1909 2780 enim
1946 2745 2207 2779 numerum
2242 2747 2400 2779 unum

411 2796 585 2844 eodem
624 2810 740 2844 sono
773 2803 824 2844 et
859 2811 976 2844 casu
1009 2796 1068 2843 de
1105 2797 1274 2843 eadem
1307 2810 1360 2844 re
1395 2802 1625 2858 repetere.
1692 2797 1872 2858 Arguit
1902 2803 2067 2844 autem
2099 2796 2399 2844 alacritatem

413 2861 572 2909 Divae.
642 2861 850 2908 ΒΑΜἪ.
873 2861 1079 2908 Advers.
1101 2860 1277 2909 XXII.
1303 2876 1347 2909 c.
1368 2859 1415 2920 7,
1437 2877 1548 2922 pag.
1571 2863 1710 2910 1085.

483 2927 590 2974 108.
629 2928 729 2974 Nec
749 2926 1002 2988 dediynata
1021 2924 1201 2987 subire]
1237 2925 1411 2984 Aldus,
1436 2925 1909 2988 desiynata—Mon.

481 2992 591 3038 112.
626 2989 882 3038 Discordia
918 2989 1057 3052 nota]
1104 2991 1220 3037 Alia
1256 2991 1400 3038 lectio
1437 2991 1673 3041 discordia
1708 2996 1841 3038 nala.
1904 2990 2029 3039 Vide
2067 2990 2397 3050 Lactantium,

411 3056 499 3105 lib.
521 3056 582 3104 V.
607 3055 665 3102 de
679 3056 887 3117 justitia,
908 3071 1012 3118 cap.
1036 3057 1081 3110 5,
1104 3055 1186 3102 ubi
1206 3055 1338 3103 hune
1359 3055 1521 3102 locum
1546 3055 1824 3104 Germanici
1846 3055 2191 3103 citat—Mon.

486 3121 590 3168 116.
625 3120 763 3168 Nave
789 3119 976 3182 petebat
1009 3121 1200 3168 divitias
1227 3119 1527 3186 fimctusque]
1562 3120 1743 3169 Aldina
1762 3120 1907 3168 editio
1927 3121 2087 3179 habet,
2111 3119 2249 3168 Nave
2266 3124 2395 3182 pete-

412 3185 528 3232 bant
547 3186 738 3234 divitias
747 3184 1260 3248 fluctusque-Mon.

481 3252 588 3297 121.
623 3249 805 3298 Rarius
821 3249 1010 3312 invisit]
1044 3250 1236 3297 Invasit
1254 3249 1448 3312 scripsit
1466 3248 1858 3298 Aldus.—Mon.

481 3318 588 3362 122.
627 3315 717 3362 Ore
751 3313 928 3376 velato]
965 3315 1044 3362 Ex
1064 3314 1222 3376 prisco
1254 3329 1390 3362 more
1429 3314 1688 3376 virginum,
1724 3329 1832 3377 quae
1853 3313 2011 3361 velato
2031 3313 2186 3376 capite
2204 3313 2397 3362 incede-

411 3379 544 3427 bant.
615 3379 822 3427 Bsnrn.
845 3380 1046 3428 Advers.
1067 3380 1213 3427 XXI.
1250 3395 1294 3428 c.
1318 3381 1364 3438 2,
1397 3395 1448 3442 p.
1476 3379 1619 3428 1019.
1688 3379 1796 3427 Imo
1818 3377 1965 3426 etiam
1985 3394 2045 3426 ex
2066 3394 2201 3428 more
2222 3380 2397 3442 lugen-

411 3444 534 3492 tium
561 3449 609 3492 et
628 3445 956 3492 moerentium.

479 3509 587 3558 126.
621 3508 855 3572 Increpat,
879 3525 906 3557 o
929 3506 1118 3571 patrum
1137 3506 1336 3571 soboles]
1371 3508 1531 3557 Aldus
1551 3508 1711 3565 habet,
1745 3507 1985 3570 Increpito
2012 3515 2203 3571 partum
2224 3509 2399 3558 soboles

411 3573 560 3622 oblita
576 3577 806 3636 priorum.
871 3572 1136 3635 Deyeneres
1155 3573 1322 3622 habuit
1341 3589 1438 3622 sem
1521 3589 1610 3636 que
1631 3573 1852 3621 habitura
1872 3574 2307 3622 minores.-Mon.

483 3640 589 3688 129.
627 3641 765 3686 Νουα.
783 3639 939 3686 secula
957 3645 1112 3686 vestra
1134 3638 1325 3687 Artibus
1355 3641 1406 3687 in
1442 3641 1603 3686 emitis
1635 3637 1844 3700 tradent]
1883 3638 1980 3685 Ubi
2002 3653 2091 3700 ego
2114 3638 2275 3700 legam
2294 3653 2396 3685 ves-

411 3709 527 3752 tras.
594 3703 737 3751 Nova
758 3703 920 3751 secula
940 3713 1122 3751 vestras
1159 3711 1285 3752 artes
1321 3703 1571 3751 indomitis
1608 3703 1791 3750 artibus
1826 3703 2031 3750 tradent.
2098 3703 2208 3750 Hoc
2231 3710 2323 3761 est,
2341 3703 2396 3751 in

409 3768 569 3817 vicem
589 3775 857 3816 vestrarum
877 3769 1170 3816 exercebunt
1192 3775 1318 3816 artes
1339 3768 1507 3816 malas.
1577 3767 1692 3815 Non
1712 3768 1987 3816 intellectus
2007 3767 2243 3814 haetenus
2269 3767 2394 3815 Ger-

408 3833 590 3882 manici
612 3832 765 3881 locus.
835 3833 1078 3881 Martialis
1095 3833 1203 3881 libr.
1224 3833 1320 3881 XI.
1343 3833 1573 3896 epigram.
1602 3831 1660 3883 7:
1693 3830 1860 3881 Ardua
1893 3847 1967 3879 res
2002 3831 2097 3880 hoec
2128 3837 2198 3879 est
2233 3831 2397 3893 opibus

409 3913 506 3946 non
539 3898 720 3946 tradere
756 3913 920 3959 mores,
959 3897 1031 3945 Et
1051 3914 1156 3948 cum
1179 3904 1247 3945 tot
1269 3899 1444 3946 Groesos
1465 3899 1647 3955 viceris,
1670 3913 1764 3946 esse
1784 3897 1997 3944 Numan.
2065 3896 2145 3944 Sic
2167 3896 2221 3943 in
2243 3896 2393 3944 Clau-

409 3963 552 4011 diano
589 3963 885 4010 restitutum.
950 3963 1101 4025 Atque
1119 3966 1250 4010 oneri
1271 3963 1525 4010 traduntur
1544 3977 1666 4024 opes,
1686 3965 1761 4018 dfe.
1816 3962 2026 4010 Basra.
2049 3960 2240 4009 XXIV.
2278 3976 2321 4010 c.
2346 3963 2394 4020 5,

410 4043 461 4091 p.
487 4031 625 4077 1288.
691 4027 934 4090 Exempla
973 4027 1161 4076 Barthii
1193 4043 1292 4076 non
1314 4033 1512 4077 movent
1532 4042 1635 4085 nos,
1674 4034 1731 4075 ut
1752 4026 2100 4077 Germanicum
2120 4026 2233 4138 inge
2252 4025 2395 4076 intel·
