2992 4842
1097 598 1166 633 An
1191 598 1606 636 amouimus.
2261 584 2373 632 xciii

390 724 490 781 Qui
520 726 691 786 patriae
711 724 904 786 samam
933 726 1159 788 proeserat
1193 740 1341 787 usque
1372 740 1482 775 suoe.
1516 724 1609 773 hoc
1640 723 1865 787 estquod
1903 722 2019 771 alibi
2057 724 2108 772 in
2142 722 2373 787 Epitaph.

384 789 508 837 Julii
539 788 775 846 Vindicis,
815 790 1074 851 Imperium
1110 792 1318 837 adseruit
1353 806 1448 838 non
1483 791 1576 839 sibi
1612 790 1694 839 sed
1725 791 1914 851 patriae.
1962 790 2046 837 sed
2082 789 2217 852 prius
2254 796 2372 851 puto
2476 838 2487 845 ,

387 854 1048 902 admittendum.—BURM.
1183 854 1429 918 Proferat]
1485 856 1519 903 i.
1558 871 1598 903 e.
1637 862 1824 917 augeat.
1860 854 2102 903 Pithoeus.
2146 856 2376 916 preferat

387 918 555 980 vulgo.
571 920 800 980 preferat
820 935 964 982 usque
984 935 1081 967 sua»
1102 918 1696 969 Schrader.—-MEYER.

443 986 501 1031 ·5.
536 983 680 1046 Ilios]
718 983 788 1031 Et
810 983 959 1032 Ilium
981 985 1174 1044 dicitur,
1210 991 1264 1033 ut
1289 985 1562 1048 Stephanus
1581 985 1720 1032 docet
1741 991 1790 1032 et
1811 983 2066 1032 Berkelius
2089 984 2141 1031 in
2164 983 2293 1031 notis
2315 983 2378 1031 ad

388 1063 519 1096 eum.
585 1048 634 1095 A
657 1049 840 1096 Graecis
863 1049 1022 1097 diruta
1042 1049 1147 1097 haec
1170 1051 1300 1107 urbs,
1338 1051 1397 1098 ab
1421 1050 1698 1098 Alexandro
1735 1052 1917 1110 Magno
1940 1057 1989 1097 et
2020 1048 2377 1097 successoribus

389 1112 548 1161 ornari
571 1114 732 1176 coepit,
756 1120 806 1161 et
823 1114 1133 1177 postmodum
1155 1130 1184 1162 a
1206 1115 1341 1177 Sylla
1354 1124 1402 1162 et
1412 1116 1442 1161 J
1447 1116 1548 1163 ulio
1565 1115 1771 1162 Caesare.
1791 1114 1901 1162 Vid.
1922 1113 2107 1172 Strabo,
2125 1113 2206 1161 lib.
2217 1112 2376 1161 XIII.

389 1193 500 1240 pag.
527 1179 639 1225 886.
663 1179 1263 1241 seqq.—SCH.—-Ilios
1297 1196 1355 1226 en
1387 1183 1540 1242 surqit
1576 1194 1768 1228 rursum
1804 1178 2013 1242 inclita]
2068 1180 2196 1227 Ilion
2234 1178 2379 1225 scribi

388 1243 675 1291 nominandi
695 1258 826 1301 casu,
847 1260 980 1292 more
1006 1244 1196 1303 Graeco,
1219 1251 1269 1292 et
1289 1244 1484 1307 quidem
1506 1245 1739 1293 feminino
1761 1259 1935 1306 genere
1957 1244 2148 1292 volebat
2164 1242 2380 1304 Scaliger

390 1308 520 1355 notis
542 1308 604 1355 ad
638 1307 902 1367 Catullum,
935 1324 1047 1371 pag.
1072 1310 1150 1367 69,
1184 1324 1352 1357 verum
1376 1318 1632 1372 utrumque
1670 1309 1784 1366 dici,
1822 1315 1871 1357 et
1907 1309 1959 1355 in
1992 1309 2129 1357 libris
2164 1308 2379 1369 antiquis

391 1373 666 1435 promiscue
688 1373 914 1430 inveniri,
950 1374 1131 1421 videbis
1167 1390 1228 1421 ex
1252 1374 1377 1421 notis
1401 1375 1596 1422 Heinsii
1627 1374 1687 1421 ad
1711 1373 1851 1421 Ovid.
1878 1372 2035 1436 Epist.
2064 1373 2103 1420 Ι.
2128 1388 2169 1420 v.
2190 1374 2271 1430 48,
2306 1373 2378 1420 sic

389 1436 659 1499 Peryamon
681 1445 728 1485 et
755 1441 1020 1501 Peryamos,
1048 1446 1105 1486 ut
1125 1439 1176 1486 in
1203 1439 1569 1501 Epigrammata
1595 1438 1789 1502 Sulpitii
1812 1439 1861 1485 in
1886 1438 2145 1485 AEneidem
2166 1437 2377 1499 Virgilii,

391 1518 440 1565 p.
463 1505 575 1551 140.
609 1502 838 1550 Catalect.
879 1504 1056 1566 Scalig.
1121 1504 1303 1565 Infelix
1341 1505 1438 1552 alio
1471 1504 1637 1552 cecidit
1664 1520 1811 1566 prope
1833 1502 2109 1565 Peryamon
2142 1506 2263 1564 iqui.
2295 1502 2379 1549 ubi

395 1566 628 1615 Francius
661 1568 714 1615 in
753 1582 842 1615 sno
877 1568 999 1616 libro
1037 1570 1290 1631 castigavit
1331 1567 1598 1632 Peryamos.
1646 1570 1752 1616 vide
1786 1576 1837 1615 et
1862 1568 2076 1615 Gronov.
2116 1568 2177 1615 ad
2211 1568 2378 1614 Senec.

394 1632 670 1745 ³3}ssssssss
693 1632 1335 1697 14.—BURM.--Izios]
1388 1634 1519 1683 Ilion
1570 1634 1785 1697 Scaliger
1819 1636 2025 1681 Romam
2066 1632 2381 1694 intelligit.—

397 1763 506 1874 di6.
548 1761 806 1874 Teslgffte
826 1762 1049 1826 inferior]
1096 1762 1156 1811 Id
1179 1771 1268 1822 est,
1309 1778 1408 1812 non
1443 1771 1545 1812 tam
1577 1762 1821 1822 bellicosa,
1858 1762 2077 1826 quamvis
2116 1761 2231 1809 belli
2272 1768 2379 1809 stu·

448 1842 614 1876 osa.——
753 1861 764 1874 .

463 1891 506 1942 7.
543 1891 906 1955 Myrmidonas]
976 1893 1187 1941 Gentem
1243 1893 1526 1950 Thessaliae,
1582 1892 1662 1941 cui
1720 1893 1831 1941 Rex
1884 1892 2105 1940 Achilles
2158 1898 2381 1955 praeerat.

399 1956 589 2015 Strabo,
613 1957 696 2005 lib.
722 1957 818 2006 IX.
839 1974 949 2021 pag.
976 1959 1087 2006 662.
1152 1958 1292 2006 Adde
1313 1958 1535 2006 Berckel.
1556 1958 1617 2005 ad
1638 1958 1871 2021 Stephani
1892 1958 1959 2005 M
2064 1957 2247 2006 idomas.
2278 1956 2381 2005 Dic

397 2020 607 2083 Achilli]
645 2021 840 2071 Scilicet
875 2024 1004 2085 apud
1036 2023 1215 2071 inferos
1242 2023 1450 2085 degenti.
1487 2038 1581 2070 esse
1612 2022 1695 2071 sub
1719 2022 1953 2071 AEneadis
2016 2022 2067 2069 id
2089 2029 2176 2078 est,
2212 2036 2381 2083 parere

401 2087 640 2135 Romanis
661 2087 744 2149 qui
765 2089 946 2150 posteri
969 2088 1286 2150 Trojanorum
1313 2089 1643 2147 credebantur,
1678 2094 1727 2135 et
1748 2088 1946 2151 quidem
1970 2088 2255 2143 Caesaribus,
2296 2086 2381 2148 qui

397 2151 608 2199 AEneam
628 2154 873 2215 propriore
897 2154 1181 2216 cognatione
1204 2153 1440 2215 attingere
1460 2153 1761 2201 videbantur.
1809 2152 2129 2216 Epigramma
2150 2152 2381 2199 Graecum

398 2217 460 2264 ab
481 2217 788 2279 Anthologia,
819 2218 901 2265 lib.
926 2218 968 2265 Ι.
989 2234 1092 2281 cap.
1114 2220 1196 2275 40,
1237 2218 1382 2266 etiam
1425 2218 1673 2265 Hadriano
1708 2217 1889 2266 Caesari
1914 2215 2379 2265 tribuitur.—SCH.

528 2281 726 2344 Maynis
746 2298 840 2330 esse
858 2282 941 2330 sub
967 2280 1242 2344 AEneadis.]
1297 2284 1439 2331 Forte
1461 2298 1655 2345 maynos
1683 2284 1775 2331 isse
1806 2282 1893 2330 sub
1927 2282 2189 2330 AEneadas.
2228 2281 2297 2328 ita
2328 2281 2381 2328 in

398 2346 670 2407 fragmento
705 2348 892 2411 praefat.
926 2348 1149 2411 Corippi:
1185 2347 1427 2410 Subjectus
1457 2354 1599 2410 paret
1633 2348 1849 2408 mundus,
1890 2348 2020 2395 Deus
2042 2350 2201 2395 omnia
2234 2361 2383 2409 regma

400 2410 502 2459 Sub
533 2412 662 2459 sedes
691 2414 822 2460 dedit
854 2414 948 2461 isse
977 2428 1103 2460 suas.
1140 2413 1210 2461 ita
1241 2413 1370 2460 enim
1403 2413 1526 2476 legit
1559 2413 1725 2461 Barth.
1758 2413 1846 2461 lib.
1870 2413 2031 2462 XXV.
2066 2413 2184 2459 Λᾶν.
2208 2412 2254 2469 6,
2289 2411 2383 2458 nisi

399 2476 542 2524 malis
565 2476 664 2524 Sub
698 2479 816 2539 leyes
848 2478 978 2526 dedit
1009 2481 1100 2525 isse
1131 2484 1252 2527 tuas.
1288 2485 1345 2526 ut
1365 2478 1653 2540 adloquatur
1685 2480 1715 2525 J
1720 2480 1953 2526 ustinum.
2023 2478 2103 2524 Sic
2135 2478 2382 2535 inssvexato

403 2541 547 2589 Statii
569 2541 691 2600 loco,
725 2542 808 2590 lib.
837 2542 879 2592 Ι.
907 2541 1010 2605 Syl.
1031 2543 1072 2590 I.
1096 2557 1142 2590 v·
1166 2545 1244 2601 28,
1281 2558 1340 2591 ex
1373 2544 1709 2591 emendatione
1730 2543 1793 2591 D.
1822 2542 2030 2601 Heinsii,
2063 2541 2134 2590 Et
2154 2545 2309 2588 minor
2328 2544 2382 2588 in

402 2606 522 2668 leyes
541 2609 632 2655 iret
649 2622 793 2670 ρεπεν
813 2612 858 2655 et
884 2606 1003 2655 Cato
1024 2614 1222 2655 nostras.
1246 2606 1441 2669 vulgata
1457 2615 1623 2655 tamen
1644 2608 1771 2669 apud
1794 2608 2059 2671 Corippum
2082 2605 2180 2654 Sub
2186 2605 2385 2668 pedibus

401 2670 531 2718 dedu
567 2686 662 2719 esse
702 2675 796 2719 tuis
832 2672 978 2721 etiam
1016 2673 1194 2720 servari
1231 2679 1405 2735 potest.
1443 2672 1584 2720 Ovid.
1625 2672 1720 2734 Ep.
1742 2672 1865 2719 VII.
1901 2671 1947 2720 6.
2018 2671 2133 2719 Hoec
2178 2670 2265 2719 tibi
2297 2669 2383 2717 sub

402 2737 610 2794 domino,
660 2734 831 2799 Pyr-re,
860 2738 1023 2800 puella
1054 2753 1138 2786 suo
1178 2744 1257 2785 est.
1303 2736 1476 2799 Vellej.
1514 2738 1619 2785 Pat.
1643 2737 1725 2785 lib.
1751 2737 1792 2784 Ι.
1831 2752 1934 2800 cap.
1956 2737 2004 2784 3.
2070 2735 2263 2783 Athena·
2295 2734 2386 2782 sub

401 2800 586 2863 reyibus
617 2817 713 2849 esse
743 2803 990 2851 desierunt.
1029 2802 1169 2865 plura
1191 2802 1298 2850 vide
1333 2802 1461 2865 apud
1493 2805 1657 2849 Sanc-t.
1682 2802 1733 2849 in
1758 2802 1964 2850 Minerv.
2002 2800 2091 2849 IV.
2117 2802 2161 2848 6.
2196 2815 2243 2862 p.
2270 2799 2380 2850 678.

403 2881 534 2927 saepe
554 2875 717 2914 autem
737 2866 810 2915 ita
841 2868 1022 2915 variare
1045 2868 1234 2915 codices
1266 2868 1453 2915 notavit
1476 2867 1553 2915 Cl.
1576 2867 1820 2915 Drakenb.
1847 2866 1906 2914 ad
1940 2866 2130 2923 Silium,
2163 2864 2246 2912 lib.
2269 2864 2385 2911 XV.

407 2932 516 2978 151.
551 2931 767 2994 Propert.
789 2932 871 2979 lib.
899 2931 988 2979 IV.
1011 2932 1091 2979 El.
1115 2934 1162 2979 4.
1186 2931 1264 2982 71.
1334 2935 1431 2980 Hic
1447 2936 1632 2997 primus
1651 2936 1789 2995 eoepit
1807 2931 2034 2980 moem'bus
2052 2946 2147 2978 esse
2167 2930 2277 2977 dies.
2302 2929 2384 2976 ubi

405 2994 539 3043 Hinc
562 3011 614 3058 p.
642 3013 680 3044 c.
701 2997 926 3045 moenibus
956 2998 1046 3045 isse
1080 2998 1178 3045 dies
1211 2997 1409 3060 corrigit
1442 2998 1614 3046 Heius.
1650 2998 1711 3044 ad
1745 2996 1884 3044 ovid.
1912 2996 1999 3045 IV.
2036 2996 2168 3043 Fast.
2187 2994 2251 3043 V.
2274 2993 2386 3052 727,

404 3060 533 3123 apud
565 3060 834 3121 Sedulium,
869 3062 950 3109 lib.
974 3062 1038 3109 V.
1063 3078 1108 3109 v.
1132 3064 1176 3110 2.
1199 3063 1309 3125 jam
1337 3067 1562 3125 proxima
1599 3062 1797 3111 Paschae
1825 3063 2017 3123 Ceperat
2046 3062 2139 3109 ῑεεε
2169 3060 2279 3107 dies.
2316 3059 2386 3108 sic

403 3125 529 3186 lege,
551 3125 697 3187 vulgo
719 3142 830 3175 esse.
879 3126 978 3174 vid.
1003 3133 1052 3174 et
1073 3127 1242 3174 Heius.
1265 3128 1327 3175 ad
1349 3128 1488 3175 Ovid.
1516 3128 1663 3175 Rem.
1686 3129 1801 3175 Am.
1823 3126 1883 3174 V.
1907 3128 2016 3185 541,
2050 3128 2121 3173 ire
2141 3121 2225 3173 sub
2244 3126 2386 3187 impe·

403 3192 531 3237 rium
569 3190 691 3238 dixit
723 3191 904 3239 Tibull.
941 3191 1023 3239 lib.
1067 3190 1140 3239 II.
1188 3191 1268 3239 El.
1293 3194 1339 3239 4.
1374 3195 1455 3241 54.
1489 3198 1539 3239 et
1577 3192 1660 3239 sub
1694 3195 1943 3255 imperium
1976 3194 2198 3253 accipere,
2233 3190 2385 3237 Tacit.

405 3253 497 3302 lib.
520 3255 564 3302 I.
588 3254 718 3304 Ann.
741 3272 842 3319 cap.
872 3258 912 3304 1.
935 3257 1016 3303 ubi
1039 3256 1217 3304 frustra
1239 3256 1478 3305 Dorleans
1502 3257 1585 3304 sub
1608 3260 1795 3318 imperii
1818 3260 1927 3304 vim.
1995 3257 2223 3306 Ceterum
2246 3254 2386 3302 initio

405 3319 555 3382 hujus
579 3319 957 3383 Epigrammatis
979 3321 1135 3383 eriges
1155 3322 1286 3369 haud
1305 3337 1478 3384 parum
1499 3322 1805 3379 sententiam,
1831 3321 1872 3368 si
1902 3328 2122 3369 mutetur
2144 3319 2387 3368 distinctio

408 3386 540 3433 hunc
563 3385 613 3431 in
649 3386 876 3433 modum:
913 3386 1107 3433 Martia
1132 3390 1397 3449 proqenies‚
1431 3386 1623 3445 Hector,
1658 3387 1846 3449 (tellure
1866 3385 1951 3435 sub
1972 3388 2070 3434 ima
2103 3384 2201 3435 Fas
2222 3384 2388 3432 audire

409 3454 567 3497 tamen
597 3454 638 3497 si
672 3466 774 3498 mea
795 3448 934 3498 verba
967 3450 1054 3499 tibi
1073 3450 1114 3510 !)
1145 3452 1213 3499 ita
1246 3452 1378 3499 enim
1415 3452 1587 3500 suadet
1621 3452 1851 3500 Graecum
1887 3452 2219 3514 Epigramma,
2254 3448 2386 3498 κατὰ

408 3513 605 3576 χθονὸς
626 3513 670 3562 εἰ
692 3530 766 3564 πε
793 3513 1008 3572 ἀκούεις.
1053 3516 1358 3565 simillimum
1379 3517 1499 3565 illud
1524 3517 1649 3565 Attii
1671 3530 1734 3565 ex
1759 3518 1996 3579 Epigonis
2013 3515 2236 3578 AEschyli
2258 3514 2389 3576 apud

411 3580 515 3627 Cic.
559 3580 635 3627 11.
673 3580 820 3630 Tusc.
859 3596 964 3644 cap.
1003 3583 1083 3630 24.
1146 3582 1351 3629 Audiame
1374 3583 1487 3641 haec,
1529 3583 1841 3645 Amphiarae,
1877 3582 1962 3629 sub
1986 3588 2159 3629 terram
2195 3579 2384 3628 abdite?

407 3643 546 3706 Virg.
571 3645 660 3693 IV.
685 3646 800 3694 AEn.
822 3645 933 3697 387.
1003 3645 1222 3705 Andium,
1260 3654 1306 3694 et
1325 3646 1419 3695 koec
1455 3662 1617 3695 manes
1649 3648 1799 3696 veniet
1834 3646 1953 3693 mihi
1968 3648 2113 3708 sama
2132 3643 2217 3691 sub
2253 3647 2387 3691 imos.

410 3710 578 3759 tellure
598 3710 681 3758 sub
705 3712 819 3759 ima.
845 3719 901 3758 ut
919 3709 1002 3759 lib.
1026 3711 1120 3758 VI.
1143 3712 1262 3759 AEn.
1284 3712 1398 3760 459.
1422 3715 1463 3760 si
1485 3711 1716 3775 quafides
1737 3713 1901 3760 tellure
1918 3711 2001 3759 sub
2020 3712 2119 3757 ima
2139 3715 2223 3757 est.
2246 3716 2296 3756 et
2317 3708 2389 3755 sic

411 3773 480 3822 D.
507 3774 740 3823 Heinsius
763 3777 814 3823 in
835 3775 1053 3823 versione
1078 3776 1255 3824 Latina
1276 3776 1437 3824 Graeci
1473 3777 1873 3839 Epigrammatis,
1909 3791 2021 3838 pag.
2047 3774 2155 3822 136.
2220 3774 2388 3821 Poem.

409 3854 470 3887 ex
495 3839 652 3888 Graec.
674 3856 796 3888 vers.
823 3841 905 3887 ubi
928 3848 1086 3888 totum
1105 3842 1174 3889 ita
1191 3840 1426 3889 reddidit:
1462 3841 1667 3904 Sanquis
1699 3841 1915 3889 Martius
1942 3844 2130 3896 Hector,
2164 3837 2316 3885 adhuc
2346 3840 2389 3886 εἰ

407 3910 618 3951 mortuus
638 3906 789 3963 audis,
828 3905 1010 3963 Gaude,
1043 3912 1103 3963 et,
1137 3907 1211 3953 vel
1224 3909 1394 3968 patria:
1412 3910 1617 3965 nomine,
1649 3908 1753 3953 vive
1764 3922 1954 3969 parum.
2020 3905 2140 3952 Ilios
2162 3904 2390 3952 incolitur

406 3968 520 4016 urbs
552 3971 730 4032 inclyta
744 3987 761 4018 .·
807 3978 1040 4033 nactaque
1069 3977 1254 4032 yentem
1290 3976 1374 4029 est,
1411 3973 1462 4018 Si
1505 3971 1591 4018 tibi
1626 3986 1722 4018 non
1754 3971 1971 4029 similem,
2012 3970 2195 4018 Martis
2232 3984 2388 4015 amore

399 4047 584 4095 parem.
657 4035 904 4083 Thessalia
925 4042 978 4082 at
991 4050 1220 4099 nusquam
1244 4042 1324 4083 est.
1393 4034 1509 4083 Pele
1528 4034 1759 4083 Achillem
1775 4038 2011 4098 protinus,
2045 4043 2090 4081 et
2110 4035 2200 4090 dic,
2248 4033 2388 4082 Thes-

405 4099 578 4146 saliam
597 4107 814 4149 cvmctam
832 4106 960 4148 stare
978 4100 1063 4149 sub
1085 4100 1333 4149 AEneadis.
1401 4100 1633 4149 Ceterum
1654 4100 1804 4149 edidit
1824 4102 1915 4148 hoc
1938 4101 2084 4149 etiam
2108 4099 2313 4148 Binetus
2336 4098 2389 4145 in
