2992 4842
618 557 711 621 24·
1418 577 1810 622 sannanim

618 713 823 781 Nulla
844 726 1141 780 serenato
1170 711 1598 799 Capricornus
1626 715 1851 782 nubila
1877 715 2034 782 caelo

618 798 1011 888 Comparat;
1057 813 1126 866 at
1152 801 1393 886 gelidos
1422 801 1614 866 flatus
1643 802 1912 885 caelique
1940 801 2221 886 fragores

620 886 775 953 Non
802 888 928 952 alio
954 887 1186 952 melius
1210 888 1395 970 signo
1424 887 1769 972 praedicere
1799 889 2018 971 possis.

620 972 911 1039 Piscibus
936 973 1078 1038 haec
1106 974 1327 1038 eadem
1358 974 1644 1056 quamvis
1673 996 2051 1056 cognoscere
2073 972 2168 1038 fas
2197 974 2300 1038 sit.

620 1059 1163 1145 Quandoquidem
1186 1071 1453 1123 exortus
1480 1059 1724 1122 mundo
1756 1056 2092 1144 Cyllenius
2119 1059 2286 1142 ignis

620 1145 801 1213 Quid
826 1146 1064 1211 faceret
1088 1145 1298 1230 primo
1326 1143 1514 1208 docui
1537 1166 1686 1208 cum
1714 1145 1956 1208 lumine
1990 1144 2156 1209 Solis
2181 1169 2196 1208 ε

615 1229 899 1316 Tempus
928 1242 995 1296 et
1022 1253 1278 1296 occasus
1307 1241 1566 1294 moneat
1595 1252 1744 1314 quae
1772 1230 2010 1294 discere
2043 1230 2298 1295 Phoebi.

616 1317 757 1382 Ver
785 1319 909 1382 erit
938 1317 1223 1382 hibernis
1250 1327 1463 1380 totum
1492 1317 1883 1380 exsecrabile
1913 1317 2169 1395 nimbis,

617 1401 711 1468 Et
736 1404 961 1468 crebro
991 1403 1235 1467 tonitru
1266 1403 1528 1486 ningen
1574 1402 1868 1466 florentia
1897 1425 2048 1466 rura

620 1489 665 1552 S
714 1512 911 1574 esque
940 1511 1122 1552 novae
1150 1488 1385 1571 segetis
1410 1488 1784 1572 quatientur
1811 1487 2138 1570 grandinis
2165 1488 2320 1553 ictu.

619 1513 865 1640 [fletur
894 1575 1143 1651 eaelum,
1172 1573 1387 1656 magni
1418 1595 1618 1657 quum
1650 1596 1848 1656 regna
1875 1574 2189 1637 Tonantis

617 1659 997 1745 Ingrediens
1028 1660 1301 1724 Pecudis
1329 1660 1768 1723 conscenderit
1795 1682 1988 1723 aurea
2017 1670 2217 1743 terga.

618 1745 794 1810 Hinc
822 1757 890 1810 et
920 1747 1247 1830 Agenorei
1276 1745 1600 1809 stellantia
1627 1767 1864 1809 cornua
1889 1744 2108 1822 Tauri,

618 1831 873 1899 Quidve
900 1831 1112 1897 ferant
1142 1831 1429 1907 Gemini,
1462 1831 1682 1915 rapido
1713 1830 1871 1914 quid
1899 1831 2104 1894 sidere
2137 1828 2408 1907 Cancer,

620 1918 690 1982 Si
722 1918 980 2002 penitus
1010 1939 1298 2002 quaeres:
1345 1914 1630 1981 Taurum
1665 1917 1884 1980 saevire
1914 1917 2158 1980 videbis

618 2003 978 2081 Grandine,
1010 2026 1127 2068 nec
1160 2013 1383 2066 contra
1408 2002 1562 2066 ferri
1591 2002 1839 2067 ratione
1864 2003 2194 2087 probanda

616 2088 760 2153 Aut
791 2086 1115 2155 Cancrum
1144 2099 1259 2152 aut
1284 2088 1574 2172 geminos
1601 2113 1616 2152 z
1663 2088 1903 2152 calidus
1939 2089 2206 2171 vestigia
2228 2099 2436 2151 servat

621 2172 795 2238 Hinc
828 2197 957 2258 quo
988 2174 1202 2250 ducta,
1236 2172 1371 2236 Leo
1395 2174 1706 2258 saevisque
1735 2174 2052 2238 caloribus
2081 2175 2280 2238 ardet.

617 2259 907 2324 Flatibus
928 2271 996 2324 at
1024 2260 1249 2343 gelidis
1272 2259 1494 2323 miscet
1519 2259 1865 2344 tranquilla
1893 2260 2124 2323 severis

618 2343 931 2429 Spicifera
962 2346 1107 2409 Dea
1134 2356 1289 2409 nota
1318 2367 1514 2408 manu
1539 2372 1554 2424 ;
1603 2367 1720 2409 nee
1751 2344 1950 2409 Libra
1979 2347 2246 2410 metenti

616 2430 940 2496 Dissentit
967 2432 1166 2508 divae3
1214 2430 1346 2508 sed,
1380 2445 1455 2495 ut
1483 2430 1645 2507 haec,
1676 2441 1944 2495 ventura
1967 2453 2192 2494 serena

617 2517 939 2595 Nuntiat3
987 2527 1055 2582 at
1080 2517 1288 2580 ventis
1318 2527 1525 2580 cessat
1553 2539 1750 2594 mare,
1780 2528 1986 2581 cessat
2015 2528 2084 2580 et
2111 2527 2235 2582 aer.

618 2603 913 2687 Scorpios
945 2603 1015 2666 in
1044 2602 1287 2686 pluvias
1308 2625 1524 2679 rarus;
1571 2603 1684 2666 sed
1713 2602 1993 2666 nubibus
2021 2604 2176 2666 atris

618 2689 861 2753 Creber
891 2688 1025 2772 agit
1054 2689 1302 2751 nimbos
1330 2698 1397 2752 et
1427 2711 1594 2752 saeva
1624 2689 1909 2752 tonitrua
1937 2699 2175 2772 portat,

616 2773 809 2839 Clara
835 2773 1189 2858 Sagittiferi
1220 2773 1435 2857 tetigit
1466 2796 1669 2858 quum
1698 2774 1944 2836 lumina
1966 2775 2152 2857 sigui.

614 2860 935 2943 AEgocero
960 2882 1210 2944 semper
1240 2859 1396 2922 caelo
1417 2860 1573 2923 levis
1603 2860 1843 2923 excidit
1871 2860 2077 2922 imber
2100 2885 2115 2937 ;

614 2945 913 3030 Frigidus
944 2957 1011 3009 at
1041 2945 1278 3029 rapidis
1306 2944 1594 3009 horrebit
1625 2945 1952 3029 Aquarius
1983 2945 2200 3022 EuriS,

614 3030 1086 3114 Brumalesque
1118 3031 1295 3094 dabit
1318 3031 1566 3114 pluvias
1595 3043 1791 3115 atque
1822 3031 1970 3114 igne
2001 3032 2274 3117 perenni

615 3115 786 3181 Cum
811 3116 1025 3180 sonitu
1057 3116 1304 3200 quatiet
1332 3116 1558 3182 nubes,
1648 3115 1719 3180 Si
1749 3139 1902 3180 eura
1929 3139 2220 3200 sagacem

615 3202 767 3265 Non
798 3203 1110 3266 frustrans
1142 3203 1423 3266 animum
1454 3213 1630 3265 certo
1659 3225 1763 3264 me
1793 3202 1999 3265 limite
2031 3203 2228 3281 ducit,

613 3286 779 3352 Haec
811 3288 1031 3351 eadem
1063 3288 1183 3351 tibi
1213 3288 1396 3370 signa
1425 3287 1673 3351 dabunt
1703 3310 1830 3351 non
1860 3288 2042 3352 irrita
2073 3287 2310 3353 Pisces·

1276 3580 1745 3664 Fragmentum
1774 3583 1928 3646 III.

708 3717 854 3780 Una
881 3717 988 3780 via
1014 3725 1109 3780 est
1138 3717 1306 3780 Solis
1331 3715 1431 3779 bis
1462 3716 1629 3779 senis
1655 3715 1866 3780 lucida
1895 3717 2112 3800 signis.

614 3798 759 3864 Hae
788 3801 1035 3884 rapitur
1068 3799 1353 3878 Phoebe3
1398 3823 1515 3884 per
1543 3803 1713 3865 idem
1743 3801 2131 3886 Cythereius
2153 3803 2318 3886 ignis

612 3885 846 3950 Fertur
868 3887 1012 3962 iter,
1045 3908 1160 3970 per
1189 3886 1358 3949 idem
1388 3887 1681 3951 cristatus
1710 3888 1942 3951 vertice
1975 3889 2252 3965 Mavors,

612 3971 1105 4056 Mercuriusque
1138 3973 1324 4050 celer,
1357 3995 1557 4056 regno
1587 3973 1856 4056 caelique
1888 3975 2200 4038 verendus

610 4056 889 4142 Jupiter,
927 4069 993 4122 et
1023 4057 1191 4122 tristi
1226 4058 1546 4124 Saturnus
1576 4058 1817 4122 lumine
1850 4061 2087 4124 tardus·

2512 976 2608 1023 135

2511 1404 2606 1449 140

2519 1830 2616 1877 145

2516 2259 2606 2306 150

2509 2688 2602 2734 155

2511 3119 2605 3166 160
