2992 4842
562 541 643 604 14
1356 561 1748 609 GERMAmcx

558 697 653 762 At
680 697 963 762 medium
996 697 1239 763 Oriona
1268 710 1441 765 secat
1470 724 1501 764 s
1547 701 1836 785 iramque
1914 701 2146 765 riorem

560 782 632 846 H
678 783 775 846 dri
804 795 871 848 et
900 781 1233 848 Crateram
1262 785 1465 848 levem
1559 786 1822 870 orvique
1851 723 2115 850 gerentis

562 868 627 932 U
656 869 831 946 tima,
864 869 1169 934 deficiunt
1196 871 1377 954 nigra
1408 895 1538 956 qua
1565 871 1772 934 sidera
1802 871 2024 935 cauda.

562 953 705 1018 Illic
735 966 802 1018 et
832 953 1067 1020 Chelas
1096 967 1453 1020 transverso
1480 956 1724 1020 lumine
1755 979 2006 1041 quaeres
2445 959 2542 1006 510

562 1040 655 1104 Et
682 1039 831 1104 celsi
860 1052 1111 1124 partem
1138 1039 1389 1124 Anguis
1416 1052 1483 1104 et
1511 1065 1548 1104 a
1575 1041 1786 1106 medio
1817 1041 2254 1125 Ophiuchum,

562 1124 705 1190 Nec
732 1126 955 1209 procul
983 1126 1133 1189 inde
1166 1126 1508 1210 Aquilam3
1557 1137 1694 1190 toto
1724 1127 1932 1210 capite
1961 1128 2226 1191 incubat
2254 1128 2482 1191 ardens

562 1209 843 1294 Pegasus
875 1221 943 1274 et
970 1211 1179 1294 longae
1211 1212 1415 1295 spatio
1446 1212 1704 1275 cervicis
1731 1213 2024 1276 inhaeret.

564 1293 707 1359 Hos
736 1297 941 1374 orbeS‚
976 1319 1251 1380 quorum
1284 1307 1524 1360 tractus
1554 1307 1621 1361 et
1641 1299 1826 1379 signa
1855 1298 2174 1375 docemuS,

560 1379 807 1445 Rectus
838 1404 953 1465 per
980 1382 1221 1445 medios
1248 1382 1589 1445 decurrens
1618 1383 1852 1466 trajicit
1879 1383 2040 1446 axis·
2448 1385 2540 1433 515

560 1465 718 1530 Tres
748 1467 1095 1530 intervallis
1124 1468 1385 1550 paribus
1414 1467 1552 1530 sine
1581 1467 1708 1530 fine
1741 1478 2060 1545 rotantur,

562 1551 703 1614 Nec
730 1562 981 1616 mutare
1012 1552 1140 1615 vias
1170 1562 1441 1636 possunt
1469 1574 1586 1616 nec
1606 1554 1880 1637 jungere
1910 1553 2134 1616 sulcos.

562 1637 853 1702 Quartus
883 1638 949 1700 in
980 1637 1314 1720 obliquum
1344 1648 1473 1700 tres
1503 1660 1672 1701 unus
1701 1637 1958 1722 colligat
1987 1640 2170 1702 orbes
2195 1664 2208 1702 :

562 1722 863 1786 Partibus
893 1723 1198 1786 extremis
1228 1723 1504 1786 diversos
1533 1723 1818 1806 implicat
1847 1747 1863 1799 ς
1911 1744 2115 1787 unum

564 1807 747 1871 Inter
774 1819 1122 1891 utrumque
1154 1819 1325 1872 secat
1346 1808 1630 1871 medium
1659 1809 1950 1872 desectus
1979 1809 2061 1872 ab
2089 1808 2223 1886 illo,
2447 1815 2543 1861 520

566 1892 720 1956 Non
750 1893 804 1957 si
836 1893 1123 1957 Palladia
1149 1894 1372 1956 doctus
1400 1893 1704 1956 formaret
1731 1894 1812 1956 ab
1857 1903 2016 1971 arte,

566 1977 899 2042 Distantes
929 1980 1113 2042 orbes
1142 1979 1369 2042 melius
1398 1978 1728 2061 religasset
1756 1978 1836 2041 ab
1869 2001 2017 2043 un0.

568 2063 698 2127 Sed
727 2064 934 2127 tribus
955 2064 1125 2126 idem
1156 2075 1332 2127 ortus
1361 2064 1536 2126 omni
1565 2074 1914 2127 nascuntur
1944 2064 2025 2126 ab
2054 2085 2210 2142 aevo,

566 2149 789 2232 Atque
819 2149 1041 2212 eadem
1070 2171 1323 2212 occasus
1350 2159 1688 2212 remanent
1713 2148 2062 2212 certissima
2089 2151 2288 2234 signa.

652 2235 944 2300 Quartus
973 2235 1053 2298 ab
1084 2257 1321 2298 oceano
1350 2243 1607 2298 tantum
1627 2234 1892 2318 vestigia
1907 2244 2138 2311 mutat,
2175 2241 2411 2274 zonucus.
2445 2235 2542 2281 525

566 2319 851 2402 obliquo
880 2341 1141 2382 currens
1170 2320 1398 2403 spatio,
1432 2330 1749 2404 quantum
1782 2319 2203 2402 Capricornus

560 2403 875 2469 AEstifero
904 2405 1099 2468 distat
1128 2402 1399 2481 Canem,
1432 2427 1627 2489 quam
1655 2404 1822 2468 latus
1851 2405 1934 2468 ad
1961 2427 2147 2469 auras

560 2488 890 2554 AEtherias
919 2490 1145 2572 surgit,
1175 2501 1309 2554 tam
1337 2490 1529 2554 sacris
1558 2490 1870 2574 mergitur
1897 2490 2106 2553 undis·

562 2574 646 2637 In
674 2597 792 2638 sex
821 2575 1192 2658 signiferum
1222 2576 1275 2638 si
1308 2575 1452 2660 quis
1483 2575 1766 2638 diviserit
1794 2575 2016 2638 orbem

562 2658 875 2744 AEquales
903 2671 1139 2744 parteS,
1170 2661 1546 2724 succumbet
1573 2660 1795 2743 regula
1822 2661 1990 2723 binis
2445 2656 2542 2702 530

561 2744 839 2808 Inferior
860 2745 1076 2829 signiS,
1112 2746 1301 2828 spatii
1324 2755 1709 2828 tantumque
1740 2746 1988 2809 tenebit

562 2828 734 2908 Una,
766 2832 867 2894 sui
885 2830 1101 2894 lateris
1130 2841 1445 2915 quantum
1476 2854 1516 2894 a
1544 2829 1801 2894 Tellure
1831 2829 2071 2893 recedit
2095 2854 2110 2906 ;

561 2915 701 2979 Nec
731 2927 946 2980 tamen
974 2915 1287 2980 humanos
1316 2916 1485 2980 visus
1515 2914 1682 2998 fugit
1709 2915 1974 2978 ultimus
2003 2914 2192 2978 orbis·

563 2999 727 3064 Haec
756 3002 858 3065 via
888 3001 1055 3065 Solis
1085 3002 1209 3064 erit
1235 3002 1333 3065 bis
1364 3001 1533 3064 senis
1562 3000 1773 3064 lucida
1797 3001 2014 3082 signis·

560 3084 814 3150 Nobilis
844 3086 947 3149 hic
973 3086 1163 3150 Aries
1194 3096 1417 3150 aurato
1444 3086 1699 3163 vellere,
1734 3087 2054 3168 quondam
2446 3081 2540 3127 535

560 3171 698 3236 Qui
727 3171 878 3235 tulit
905 3171 975 3234 in
1003 3171 1249 3235 Tauros
1272 3170 1610 3248 Phrixum,
1644 3170 1757 3254 qui
1785 3171 2068 3253 prodidit
2098 3167 2366 3244 Hellen3

560 3256 777 3321 Quem
807 3267 1069 3340 propter
1096 3257 1404 3320 fabricata
1431 3256 1609 3332 ratiS,
1642 3278 1835 3339 quem
1863 3256 2110 3340 perfida
2141 3252 2392 3317 Colchis

560 3342 787 3425 Sopito
814 3342 1001 3425 vigile
1029 3342 1274 3404 incesto
1305 3341 1566 3404 donavit
1595 3340 1813 3403 amori.

558 3424 873 3509 Corniger
901 3427 1003 3489 hic
1034 3426 1310 3504 TauruS,
1343 3427 1526 3511 cujus
1557 3426 1824 3509 decepta
1849 3425 2058 3508 figura

555 3511 838 3595 Europe,
870 3511 1165 3574 thalamis
1195 3521 1262 3574 et
1290 3511 1657 3594 virginitate
1687 3510 1926 3587 relicta,
2447 3507 2542 3554 ⁵4⁰

556 3596 684 3661 Per
712 3598 877 3661 freta
905 3595 1193 3660 sublimis
1222 3607 1427 3680 terg0,
1457 3595 1786 3659 mendacia
1816 3595 2015 3658 sensit

555 3681 797 3760 Litora,
834 3682 1083 3746 Cretaeo
1112 3692 1334 3765 partus
1364 3682 1558 3744 enixa
1585 3681 1836 3744 marito·

557 3768 726 3831 Sunt
759 3767 1047 3845 Gemini,
1079 3790 1242 3850 quos
1275 3766 1451 3829 nulla
1478 3766 1614 3830 dies
1643 3766 1763 3828 sub
1794 3763 2062 3828 Tartara
2088 3761 2285 3838 misit,

557 3853 688 3916 Sed
716 3854 871 3916 caelo
902 3875 1170 3936 semper,
1204 3852 1419 3915 nautis
1446 3850 1778 3914 laetissima
1807 3850 2009 3932 signa,

554 3937 823 4002 Ledaeos
852 3939 1079 4002 statuit
1096 3939 1368 4022 juvenes
1398 3946 1584 4019 pater
1611 3936 1748 4020 ipse
1780 3936 2064 3998 deorum.
2441 3930 2539 3976 545

553 4022 647 4086 Te
675 4046 952 4108 quoque,
982 4023 1320 4088 fecundam
1353 4031 1627 4085 meteret
1657 4043 1859 4104 quum
1887 4018 2173 4082 cominus
2206 4014 2498 4098 Hydram
