2992 4842
575 567 652 616 civ
1443 579 1705 616 nonam(

571 707 802 770 ligamus.
867 706 1062 757 Arabus
1095 707 1339 756 indomitis
1373 705 1587 770 tradent]
1632 707 1847 756 Tradunt
1882 705 2055 764 Aldus,
2092 712 2142 756 et
2160 721 2302 755 versu
2324 703 2566 770 sequenti,

573 773 658 822 ubi
681 779 756 822 est
776 787 916 835 super
935 777 1112 820 montes
1128 771 1334 820 habebat
1355 771 1440 820 ille
1457 787 1596 834 super
1616 773 2050 820 monam—Mon.

643 839 752 886 184.
785 837 979 886 Senum
1013 839 1244 886 virtutum
1265 839 1395 885 vitiis
1414 838 1461 885 d.
1483 835 1554 900 r.]
1592 837 1715 885 Esse
1735 837 1787 886 in
1808 836 2088 885 hominibus
2122 836 2315 885 coelitus
2352 836 2566 884 demissa

573 901 811 950 virtutum
850 903 1039 951 semina
1074 903 1289 950 scribunt
1331 901 1586 960 Auctores,
1629 917 1739 964 quae
1773 917 1869 950 usu
1909 902 2145 950 bonarum
2186 917 2351 950 rerum
2390 901 2565 949 deinde

571 974 866 1016 excrescant.
931 967 1150 1015 Rutilius
1169 967 1221 1014 in
1247 966 1488 1014 Itinersrii
1515 966 1557 1014 1.
1592 965 1789 1015 Semina
1824 969 2053 1014 virtutum
2086 966 2285 1014 demissa
2304 973 2353 1014 et
2383 967 2567 1013 tradita

573 1033 684 1080 coelo
709 1031 822 1078 Non
837 1037 1032 1095 potuere
1052 1032 1163 1078 aliis
1181 1031 1369 1094 diffinias
1387 1047 1481 1079 esse
1502 1033 1631 1080 locis.
1696 1033 1907 1080 Bau-ru.
1940 1029 2119 1079 XXII.
2162 1047 2204 1080 e.
2234 1030 2310 1089 17,
2345 1047 2393 1094 p.
2422 1031 2566 1088 1106,

573 1103 624 1144 et
645 1095 842 1144 XXIX.
875 1111 914 1144 c.
935 1099 984 1156 ὅ,
1015 1112 1062 1160 p.
1085 1096 1227 1144 1360.
1299 1095 1547 1158 Demersa]
1582 1096 1705 1143 Vide
1727 1095 1889 1159 plures
1909 1097 2059 1158 huJus
2079 1097 2270 1156 generis
2290 1095 2563 1144 locutiones

572 1161 702 1274 ῗιῖιέἐ
725 1161 983 1272 Βαῗιῐὴίιιαι
1007 1161 1212 1210 Advers.
1233 1159 1440 1208 XXIII.
1462 1176 1569 1224 cap.
1592 1163 1637 1219 2,
1664 1177 1772 1224 pag.
1804 1163 1943 1218 1120,
1968 1169 2017 1208 et
2040 1160 2169 1208 XXI
2175 1160 2247 1209 11.
2282 1177 2326 1208 c.
2352 1162 2428 1218 10,
2449 1175 2566 1222 pag.

706 1259 719 1282 ,
741 1241 798 1274 co
839 1232 984 1276 εοεαε.

643 1291 750 1338 135.
788 1293 1018 1354 Fer-rique
1037 1287 1247 1352 invento]
1285 1289 1356 1338 Ut
1377 1288 1622 1338 Hesiodus
1658 1305 1773 1338 eum
1810 1298 1973 1338 nostro
2006 1305 2221 1353 pugnare
2246 1305 2307 1338 ne
2327 1289 2565 1341 videatur.

575 1361 684 1403 tum
717 1355 932 1418 primum
977 1355 1158 1404 ferrum
1199 1355 1454 1404 inventum
1489 1371 1596 1402 esse
1636 1355 1869 1404 dicemus.
1940 1354 2087 1405 Quod
2130 1355 2329 1417 probare
2372 1354 2565 1402 videtur

575 1419 846 1468 Bochartus
869 1420 1068 1470 Hieron.
1091 1419 1166 1468 11.
1185 1435 1228 1467 c.
1248 1421 1327 1480 32,
1352 1435 1398 1482 p.
1413 1419 1529 1468 314.

644 1486 754 1534 136.
791 1486 976 1534 Polluit
1001 1492 1048 1533 et
1080 1483 1268 1546 taurus]
1304 1484 1445 1533 Adde
1479 1485 1579 1532 huc
1616 1484 1929 1541 Bochartum,
1965 1483 2051 1546 qui
2072 1483 2125 1530 in
2148 1483 2453 1540 Hierozoico,
2475 1482 2562 1531 lib.

575 1549 652 1600 11.
675 1565 778 1613 cap.
795 1551 874 1609 32,
897 1565 1004 1613 pag.
1017 1551 1130 1608 314,
1152 1549 1361 1612 plurima
1382 1549 1579 1612 collegit
1599 1564 1717 1596 voca
1735 1557 1969 1606 veterum,
1986 1548 2068 1612 qui
2089 1549 2149 1596 ab
2170 1564 2257 1596 esu
2277 1548 2413 1596 bovis
2436 1548 2563 1596 anti-

573 1615 740 1677 quitus
756 1615 1046 1663 abstinuisse
1065 1620 1302 1662 testentur
1322 1615 1545 1662 homines
1567 1614 1939 1676 superstitiosos.

643 1681 750 1728 146.
781 1679 979 1729 Vatibus
1001 1677 1193 1741 iqnotae]
1231 1679 1386 1727 Aldus
1406 1678 1529 1740 legit
1546 1681 1731 1740 iynotis.
1746 1678 1947 1726 -Μοιι,

644 1746 750 1792 148.
784 1745 848 1792 At
879 1746 1024 1807 capiti
1059 1744 1283 1792 suberunt
1309 1742 1513 1806 qemini]
1547 1743 1759 1792 Aldinus
1777 1743 1929 1791 codex
1948 1741 2108 1797 habet,
2130 1739 2364 1804 Ancipiti-s
2382 1740 2563 1789 suberit

571 1812 748 1870 gemini
782 1825 876 1872 qua
906 1813 1140 1872 posterior
1169 1825 1268 1870 pes.
1333 1809 1607 1856 Posteriora
1626 1808 1771 1856 verba
1796 1808 1905 1864 Qua
1920 1808 2157 1869 posterior
2172 1821 2257 1868 pes
2278 1815 2333 1854 ut
2354 1807 2413 1854 ad
2438 1806 2563 1854 Leo-

575 1889 689 1922 nem
710 1875 955 1930 referrem,
979 1873 1118 1922 Arati
1140 1874 1282 1921 verba
1299 1873 1535 1930 fecerunt,
1554 1873 1717 1935 itaque
1740 1873 1981 1929 cuderem,
1996 1878 2051 1918 ut
2064 1885 2194 1918 nune
2214 1871 2376 1919 habes..
2414 1871 2564 1919 Mon.

581 1937 796 2001 Gemini]
833 1939 914 1986 Ad
937 1938 1102 1986 locum
1135 1937 1366 1986 Varronis
1383 1953 1531 2001 supra
1553 1939 1755 1986 citatum
1775 1937 1895 1984 adde
1931 1935 2151 1984 Servium
2174 1935 2561 1984 in·]Eneid.·XI.

572 2019 620 2053 v.
643 2005 754 2059 259,
773 2003 865 2052 scit
884 2004 1019 2052 triste
1045 2003 1282 2052 Minervae
1303 2003 1464 2051 sidau
1506 2001 1622 2050 Hoec
1639 2001 1849 2060 nemina,
1872 2017 1970 2064 quae
1991 2004 2117 2049 inter
2136 2000 2297 2048 sidera
2317 2016 2414 2049 non
2433 2001 2561 2047 vide-

571 2084 693 2126 mus,
731 2070 839 2116 licet
869 2083 956 2116 sua
989 2072 1124 2130 εὔφη
1156 2070 1358 2130 propria
1389 2083 1485 2116 nou
1523 2066 1743 2124 habeant,
1777 2082 1883 2114 eum
1902 2068 2013 2114 aliis
2033 2071 2190 2112 tamen
2204 2071 2435 2126 potestate
2455 2070 2565 2112 sunt

566 2135 805 2197 permixta
821 2150 837 2180 .·
869 2139 922 2180 ut
947 2131 1232 2195 Ophiuchus,
1251 2137 1350 2196 ipse
1370 2138 1440 2180 est
1459 2132 1761 2195 AEsculapii:
1800 2131 1988 2179 Gemini
2012 2129 2243 2193 Apollinis
2264 2136 2311 2177 et
2337 2131 2564 2178 Herculis

572 2214 668 2246 esse
689 2199 911 2246 dicuntur
927 2215 942 2245 .-
971 2202 1040 2245 sic
1060 2198 1297 2246 Minervoe
1317 2197 1453 2246 Aries
1471 2211 1567 2244 esse
1587 2197 1886 2259 diynoscitur.

644 2262 753 2313 162.
797 2261 1190 2326 Hippodamiam]
1227 2263 1304 2311 De
1325 2262 1417 2311 hac
1437 2262 1547 2311 vide
1568 2261 1715 2310 etiam
1752 2261 1973 2310 Servium
1996 2259 2056 2308 ad
2079 2259 2166 2307 lib.
2187 2259 2342 2307 VIII.
2365 2258 2563 2307 AEneid.

573 2343 621 2377 v.
646 2328 754 2387 130,
777 2335 826 2375 et
849 2327 909 2376 ad
933 2327 1039 2376 libr.
1069 2328 1247 2390 Georg.
1274 2326 1377 2376 ΙΙΙ.
1397 2328 1583 2374 ineunt.

641 2393 748 2440 165.
790 2391 898 2440 Una
932 2390 1154 2454 putatur]
1192 2391 1491 2448 Lactantius,
1513 2391 1595 2439 lib.
1624 2390 1669 2438 1.
1694 2391 1753 2438 de
1776 2389 1899 2437 falsa
1916 2387 2165 2451 religione,
2198 2389 2357 2450 Ipsius
2388 2395 2561 2446 autem,

573 2457 747 2519 inquit,
784 2455 957 2504 Cretici
981 2457 1122 2505 «Iovis
1153 2471 1294 2504 sacra
1327 2456 1442 2518 quid
1474 2456 1609 2504 aliud
1643 2471 1783 2518 quam
1820 2455 2045 2517 quomodo
2079 2457 2144 2501 sit
2179 2459 2265 2500 aut
2300 2453 2565 2501 subtractus

566 2525 719 2584 patri,
755 2529 840 2570 aut
871 2524 1090 2578 nutritus,
1126 2521 1371 2570 ostendant
1388 2520 1414 2568 ἓ
1483 2520 1678 2584 Capella
1696 2525 1763 2567 est
1784 2518 2051 2566 Amalthea
2070 2518 2301 2580 nymphae,
2328 2533 2431 2580 quoe
2449 2517 2562 2566 ube-

577 2585 709 2635 ribus
745 2590 844 2634 sats
877 2587 1002 2635 aluit
1035 2587 1282 2646 infantem.
1346 2585 1426 2634 De
1447 2601 1542 2648 qua
1570 2585 1874 2633 Germanicus
1912 2584 2069 2631 Caesar
2086 2586 2140 2631 in
2161 2585 2337 2631 Arateo
2354 2584 2565 2630 carmine

577 2655 649 2700 sie
669 2653 740 2698 ait
757 2668 772 2698 .·
806 2650 902 2699 Illa
921 2659 1133 2714 putatur,
1158 2650 1462 2699 &ce-Mon.

649 2718 755 2765 169.
789 2716 960 2764 Hoedos
997 2716 1198 2764 ostendit
1229 2717 1389 2763 nautis
1421 2717 1670 2762 inimicum
1704 2712 1856 2775 sidus]
1895 2712 2091 2760 Servius
2125 2711 2187 2759 ad
2223 2711 2423 2759 AEneid.
2467 2711 2561 2759 IX.

579 2781 694 2840 668,
732 2779 1035 2829 Ρῑιιυίαὶίὂιιε
1053 2780 1214 2828 badis.
1284 2781 1317 2807 “
1337 2781 1513 2827 Subter
1547 2780 1694 2826 Tauri
1727 2794 1876 2826 comu
1916 2785 1989 2824 est
2026 2776 2222 2839 signum
2258 2777 2337 2824 cui
2376 2776 2565 2838 Auriga

578 2862 758 2894 nomen
793 2855 884 2894 est.
951 2846 1100 2893 Hunc
1140 2846 1300 2893 Tauro
1339 2860 1439 2892 una
1481 2844 1611 2892 clara
1653 2844 1793 2890 stella
1824 2842 2094 2904 conjungit.
2161 2841 2361 2889 Retinet
2399 2848 2566 2889 autem

579 2911 749 2973 auriga
788 2910 953 2959 stellas
993 2911 1112 2958 duas
1149 2911 1202 2957 in
1241 2925 1407 2966 manu,
1451 2925 1563 2971 quae
1599 2908 1727 2956 haedi
1762 2916 2011 2964 vocantur,
2048 2921 2254 2969 quorum
2289 2914 2339 2953 et
2358 2912 2493 2953 ortus
2517 2912 2566 2953 et

578 2982 1124 3087 occasusotetusspestates
1161 2975 1469 3037 gravissimas
1505 2973 1635 3020 facit.
1704 2973 1939 3020 Oriuntur
1970 2980 2132 3019 autem
2156 2986 2269 3018 cum
2304 2971 2565 3033 Scorpione

578 3055 746 3088 mense
815 3056 842 3087 e
864 3055 892 3087 o
925 3042 1014 3089 n.’'

647 3105 758 3156 174.
794 3103 1005 3166 Taum]
1042 3103 1181 3152 Adde
1216 3103 1278 3151 ad
1313 3103 1584 3165 scriptores,
1622 3103 1705 3164 qui
1740 3101 1935 3149 tradunt
1951 3100 2166 3148 fabulam
2189 3100 2248 3146 de
2271 3098 2329 3146 Io
2350 3099 2565 3162 primum

576 3170 630 3218 in
652 3185 861 3227 vaccam,
885 3169 1057 3217 deinde
1076 3170 1126 3217 in
1149 3169 1271 3216 Isim
1293 3175 1494 3226 mutata,
1522 3167 1667 3214 etiam
1688 3166 1907 3214 Servium
1928 3167 1979 3213 in
2004 3165 2197 3213 AEneid.
2220 3164 2339 3211 VII.
2364 3181 2405 3211 v.
2426 3164 2542 3216 789.

645 3236 753 3282 178.
787 3233 966 3282 Fronte
981 3237 1160 3282 micant
1187 3231 1402 3295 Hyades]
1431 3231 1821 3279 Emaculandum
1844 3237 1959 3293 puto
1982 3229 2158 3278 Fronte
2179 3234 2349 3276 notant
2372 3229 2563 3292 hyades.

581 3299 770 3346 Caetera
790 3315 901 3347 cum
925 3298 1247 3348 eruditissimo
1269 3299 1447 3345 editore
1465 3297 1744 3344 recentiore.
1808 3295 2028 3343 Avienus
2047 3313 2059 3342 ε
2096 3298 2173 3342 Sic
2184 3295 2387 3342 mediam
2406 3294 2565 3342 creber

563 3364 779 3425 frontem
808 3367 971 3426 pecori
990 3367 1180 3426 asperat
1211 3365 1364 3425 tynis.-
1397 3361 1479 3410 Sic
1501 3361 1696 3423 Hyades
1725 3359 1881 3408 Tauri
1902 3366 1997 3408 toto
2016 3361 2183 3422 procul
2202 3374 2281 3406 ore
2304 3365 2561 3407 coruscant.

582 3429 799 3476 BAnrn.
823 3427 1024 3476 Advers.
1045 3427 1222 3475 XXII.
1266 3443 1306 3474 c.
1331 3427 1408 3485 12,
1461 3441 1509 3488 p.
1530 3427 1669 3474 1094.
1741 3425 1870 3473 Mihi
1891 3430 2029 3472 vetus
2048 3424 2192 3486 lectio
2214 3423 2457 3484 antiquior
2473 3431 2562 3471 est.

581 3491 788 3554 comus]
825 3493 883 3539 de
922 3493 1016 3540 hoc
1057 3492 1272 3554 genitivo
1315 3507 1377 3538 ex
1417 3506 1564 3540 corna
1607 3491 1713 3538 vide
1768 3491 1915 3537 etiam
1960 3489 2182 3536 Servium
2226 3487 2287 3536 ad
2327 3487 2411 3535 lib.
2460 3487 2564 3536 ΙΙΙ.

577 3557 778 3606 AEneid.
800 3571 845 3604 v.
860 3558 940 3606 22.

646 3624 756 3672 182.
787 3621 908 3670 Ruit
947 3621 1132 3669 Oceano
1167 3618 1272 3681 bos]
1308 3620 1389 3668 Ex
1419 3619 1613 3682 Virgilii
1652 3619 1946 3667 imitatione:
1980 3617 2261 3667 Procumbit
2300 3617 2436 3666 humi
2466 3615 2565 3665 bos.

578 3688 687 3737 vid.
715 3689 928 3738 BAR’rn.
956 3686 1157 3734 Advers.
1177 3685 1324 3733 XXI.
1349 3687 1426 3741 20,
1447 3700 1556 3747 pag.
1587 3685 1724 3732 1061.

649 3755 752 3802 194.
790 3752 938 3800 Clara
959 3755 1102 3799 etiam
1117 3748 1322 3814 pernox]
1357 3748 1517 3797 Aldus
1529 3748 1937 3811 peram—Mon.

645 3818 752 3866 196.
790 3814 950 3878 Obici]
987 3815 1217 3878 Scaligeri
1250 3814 1402 3871 locus,
1439 3828 1584 3876 quem
1610 3813 1810 3862 Grotius
1832 3813 2010 3870 innuit,
2032 3818 2107 3860 est
2139 3812 2191 3859 in
2226 3811 2355 3859 notis
2375 3811 2479 3873 ejus
2502 3811 2564 3858 ad

578 3882 774 3930 Manilii
805 3882 887 3929 lib.
911 3881 954 3929 Ι.
989 3883 1169 3938 ν.·354,
1201 3895 1310 3943 pag.
1345 3879 1423 3936 37,
1447 3881 1543 3926 38.ι
1615 3877 1889 3937 Claviculoe]
1936 3877 2066 3924 Add.
2102 3877 2314 3925 Bazira.
2353 3876 2560 3924 Advers.

577 3946 718 3995 XVI.
744 3962 788 3994 o.
811 3947 855 4002 1,
883 3961 932 4008 1).
959 3941 1076 4004 825,
1094 3946 1153 3992 de
1172 3944 1438 4006 quantitate
1458 3942 1655 4007 syllabae
1687 3943 1937 3991 secundae:
1977 3942 2145 3998 Qualis
2164 3943 2359 4002 'ferrato
2376 3957 2424 3988 se
2446 3937 2565 3988 obici

575 4011 810 4060 clavicula
840 4011 972 4058 dente
1005 4007 1202 4072 Subjicit
1223 4015 1268 4056 et
1287 4009 1478 4070 foribus
1514 4008 1691 4056 seducit
1729 4008 1918 4056 vincula
1952 4005 2175 4068 claustri]
2216 4005 2343 4054 Obex
2364 4012 2437 4054 est
2458 4021 2562 4069 pes-

578 4075 732 4135 sulus,
767 4075 846 4124 eui
872 4075 1046 4123 ferrato
1083 4075 1225 4123 dente
1253 4089 1304 4122 se
1334 4073 1532 4135 subjicit
1570 4073 1821 4133 clavicula,
1857 4078 1914 4121 ut
1934 4069 2127 4120 vincula
2146 4071 2345 4120 claustri
2366 4071 2563 4119 seducat
