2992 4842
619 562 707 627 48
1466 585 1775 630 scnomA.

621 725 746 789 Est
774 725 946 788 enim
967 746 1045 788 ea
1070 723 1322 807 signum
1350 723 1394 786 J
1394 725 1549 801 oviS,
1581 726 1754 811 quod
1779 747 1924 788 cum
1955 723 2044 788 dii
2071 747 2292 790 omnes
2319 725 2601 790 volucres

620 811 793 874 inter
824 833 891 873 se
920 809 1299 886 dividerent,
1332 832 1471 873 eam
1501 809 1570 872 in
1598 811 1893 894 portione
1923 811 2186 874 sortitus
2213 812 2298 874 sit
2328 810 2600 896 Jupiter,

622 895 794 981 quod
822 895 1014 958 altius
1042 895 1287 958 cunctis
1314 895 1676 959 volantibus
1707 897 1934 972 evolet,
1967 907 2034 960 et
2075 919 2240 980 pene
2269 897 2440 961 inter
2470 920 2600 961 om-

620 1002 735 1044 nes
760 980 1190 1064 principatum
1219 991 1459 1058 teneat,
1505 991 1574 1044 et
1607 982 1777 1066 quod
1805 981 1938 1044 sola
1965 982 2173 1045 avium
2207 981 2371 1045 Solis
2410 982 2600 1046 radiis

618 1088 752 1128 non
793 1076 1129 1128 terreatur.
1240 1065 1540 1150 Namque
1569 1067 1662 1129 ita
1691 1078 1790 1130 est
1819 1077 2112 1150 spectans
2159 1068 2238 1129 ad
2287 1067 2599 1131 orientem

614 1150 845 1235 pennis
894 1150 1111 1213 tensis·
1203 1149 1673 1232 Aglaosthenes
1721 1152 1874 1215 dicit
1924 1150 1966 1213 J
1967 1174 2146 1214 ovem
2192 1151 2262 1214 in
2321 1153 2598 1237 aquilam

616 1237 1141 1318 transfiguratum
1200 1234 1483 1298 Naxiam
1528 1237 1856 1319 regionem
1901 1237 2015 1298 ubi
2062 1237 2342 1300 nutritus
2387 1238 2598 1301 fuerat

614 1322 899 1405 petiisse,
942 1330 1010 1383 et
1047 1342 1317 1399 regnum
1357 1321 1692 1404 accepisse.
1785 1321 2056 1404 Egresso
2097 1344 2244 1384 vero
2283 1323 2362 1385 de
2401 1322 2597 1386 Naxo

614 1429 761 1470 cum
791 1406 1085 1470 adversus
1114 1405 1377 1469 Titanas
1417 1407 1945 1489 proficisceretur,
1988 1417 2055 1470 et
2091 1407 2464 1471 sacrificium
2501 1408 2595 1471 fa-

612 1503 809 1572 ceret,
830 1490 1107 1576 aquilam
1130 1491 1189 1553 ei
1210 1491 1279 1554 in
1296 1490 1575 1574 auspicio
1594 1492 1982 1576 apparuisse,
2006 1502 2072 1555 et
2093 1492 2360 1556 fulmina
2379 1493 2598 1557 minis-

612 1577 836 1654 trasse,
864 1599 1053 1660 quam
1080 1577 1251 1640 bono
1269 1577 1480 1640 omine
1492 1589 1816 1660 acceptam
1835 1577 2056 1641 tutelae
2077 1600 2210 1641 suae
2229 1578 2590 1662 subjecisse.

615 1662 839 1727 Habet
868 1673 1085 1727 autem
1114 1661 1351 1741 stellas,
1378 1662 1449 1724 in
1478 1662 1685 1746 capite
1715 1663 1944 1726 claram
1972 1685 2187 1742 unam,
2216 1663 2285 1727 in
2314 1663 2593 1726 humeris

612 1747 885 1832 singulis
936 1747 1178 1811 alarum
1226 1746 1528 1830 singulas,
1577 1747 1647 1810 in
1696 1758 1952 1831 pectore
1999 1749 2328 1812 obscuram
2375 1770 2588 1813 unam.

612 1833 784 1896 Sunt
836 1855 1055 1896 omnes
1094 1843 1389 1918 quatuor.
1507 1832 1760 1915 Sagitta
1791 1844 2026 1909 autem,
2069 1855 2262 1918 quam
2310 1845 2489 1896 tenet
2520 1835 2592 1896 in

609 1919 902 2002 pedibus,
932 1918 1163 1982 dicitur
1185 1917 1417 2000 sagitta
1442 1916 1763 2001 Apollinis
1793 1918 2008 1996 fuisse,
2035 1940 2180 1981 cum
2211 1939 2337 2003 qua
2361 1918 2590 2001 Cyclo-

610 2026 724 2087 pas
752 2003 1095 2080 interfecit,
1128 2025 1205 2066 eo
1234 2003 1405 2089 quod
1435 2002 1477 2065 J
1478 2002 1610 2065 ovis
1649 2003 1918 2066 fulmina
1955 2003 2259 2080 facerent,
2301 2004 2473 2088 quod
2513 2027 2590 2068 eo

612 2089 743 2152 telo
772 2087 1179 2172 AEsculapius
1210 2089 1347 2173 ejus
1364 2088 1533 2151 filius
1557 2111 1596 2151 a
1617 2087 1774 2152 Jove
1799 2099 1966 2152 esset
1982 2089 2374 2168 interfectus,
2395 2111 2589 2174 quam

610 2175 907 2256 sagittam
926 2175 1108 2237 astris
1131 2174 1371 2237 illatam
1392 2174 1461 2236 in
1482 2174 1853 2236 memoriam
1873 2173 2126 2237 virtutis
2149 2196 2282 2236 suae
2303 2175 2585 2259 reliquit.

612 2257 837 2322 Habet
864 2270 1081 2323 autem
1108 2259 1321 2322 stellas
1348 2268 1646 2344 quatuor,
1673 2259 1743 2321 in
1774 2281 2020 2322 summo
2049 2280 2265 2336 unam,
2287 2259 2356 2322 in
2375 2259 2588 2323 medio

609 2353 825 2424 una'm,
852 2344 918 2407 in
948 2345 1177 2428 pennis
1202 2345 1455 2426 sagittae
1483 2344 1660 2408 duaa.

696 2429 1065 2513 Neptunus,
1090 2439 1165 2492 ut
1194 2428 1640 2492 Artemidorus
1668 2429 1887 2506 refert,
1920 2429 2360 2514 Amphitriten
2386 2430 2589 2495 voluit

605 2515 675 2577 in
704 2514 1069 2599 conjugium
1098 2515 1405 2598 accipere,
1436 2536 1584 2600 quae
1623 2537 1766 2578 cum
1793 2515 1878 2578 ob
1906 2515 2301 2578 verecundiae
2344 2517 2586 2599 magni·
2651 2512 2658 2524 ’

606 2600 895 2664 tudinem
926 2611 993 2664 et
1028 2599 1409 2683 virginitatis
1454 2599 1921 2664 observantiam
1949 2600 2030 2663 ad
2061 2599 2390 2664 Atlantem
2435 2623 2585 2665 con-

604 2685 892 2770 fugisset,
928 2686 1273 2769 Neptunus
1300 2695 1447 2769 post
1476 2708 1617 2748 eam
1646 2685 1880 2748 multos
1908 2685 2101 2762 misit,
2139 2686 2252 2771 qui
2293 2708 2433 2748 eam
2470 2709 2584 2770 pe-

604 2781 840 2846 terent,
860 2772 1029 2835 inter
1056 2793 1217 2856 quos
1240 2781 1306 2833 et
1329 2770 1724 2854 Delphinum
1748 2769 1968 2853 [misit,
1992 2770 2102 2855 qui
2120 2793 2261 2834 eam
2282 2771 2582 2854 peteret]

606 2856 775 2922 Quae
806 2880 951 2920 cum
980 2857 1142 2920 circa
1169 2857 1405 2920 insulas
1434 2855 1722 2919 Atlantis
1751 2869 2126 2936 moraretur,
2153 2857 2392 2939 reperit
2420 2879 2582 2936 eam,

601 2943 923 3007 nunciavit
969 2963 1051 3004 ue
1082 2941 1416 3024 Neptune,
1448 2963 1639 3026 quam
1669 2941 1776 3003 ille
1807 2941 1936 3004 suis
1964 2941 2476 3024 persuasionibus
2505 2943 2587 3006 ad

602 3049 781 3092 suam
811 2965 1119 3112 perduxit
1146 3026 1564 3103 voluntatem,
1609 3025 2062 3110 Delphinoque
2107 3027 2422 3090 maximos
2468 3026 2583 3090 ho-

600 3135 787 3176 nores
818 3114 888 3176 in
910 3113 1071 3176 mari
1093 3111 1342 3188 tribuit,
1378 3134 1570 3197 quem
1597 3111 1666 3174 in
1697 3111 1880 3174 astris
1909 3110 2131 3174 intulit
2159 3122 2226 3174 et
2269 3111 2338 3173 in
2385 3134 2582 3175 manu

601 3220 716 3260 sua
742 3198 979 3262 habere
1035 3197 1340 3262 instituit.
1434 3196 1656 3260 Habet
1701 3207 1916 3259 autem
1961 3196 2174 3260 steUas
2193 3251 2200 3254 .
2219 3218 2468 3277 novem,
2515 3209 2582 3262 et

598 3283 743 3346 ideo
770 3284 1079 3346 musicum
1108 3283 1360 3366 signum
1389 3283 1641 3359 dicitur,
1673 3305 1748 3344 eo
1780 3281 1951 3366 quod
1978 3281 2046 3345 in
2075 3303 2341 3345 numero
2370 3287 2582 3346 musa-

596 3391 741 3432 rum
770 3367 983 3432 stellas
1009 3367 1228 3448 habet,
1254 3369 1324 3431 in
1346 3389 1455 3431 ore
1478 3390 1694 3448 unam,
1720 3367 1788 3429 in
1810 3366 1966 3430 solio
1994 3367 2177 3446 duaS,
2201 3367 2271 3429 in
2298 3367 2582 3450 pinnulis
2659 3407 2672 3416 ›

596 3453 836 3518 ventris
866 3463 1017 3528 treS,
1048 3453 1117 3515 in
1146 3453 1330 3517 dorso
1352 3475 1570 3529 unam,
1593 3453 1661 3516 in
1684 3452 1884 3516 cauda
1900 3452 2074 3516 duas.
2168 3451 2337 3516 Sunt
2359 3475 2578 3517 omnes

596 3561 845 3603 novem.
936 3537 1298 3623 Delphinus
1356 3548 1573 3602 autem
1629 3559 1761 3601 non
1804 3537 2079 3601 multum
2137 3538 2335 3602 currit
2385 3560 2577 3622 supra

595 3621 1074 3708 Capricornum.

683 3709 903 3786 Orion,
974 3710 1041 3772 ui
1060 3719 1127 3772 et
1150 3708 1369 3772 Incola
1396 3709 1650 3784 dicitur,
1674 3718 1824 3772 ante
1847 3707 2044 3772 Tauri
2064 3708 2328 3792 vestigia
2347 3708 2575 3793 fulget,

592 3806 660 3858 et
682 3795 912 3858 dicitur
1000 3795 1159 3871 rion,
1184 3795 1263 3857 ab
1281 3795 1487 3874 urina,
1503 3795 1571 3857 id
1587 3805 1684 3858 est
1704 3793 1784 3857 ab
1802 3793 2221 3858 inundatione
2239 3815 2570 3879 aquarum.

592 3879 907 3964 Tempore
936 3880 1107 3943 enim
1134 3878 1362 3943 hiemis
1391 3879 1589 3942 habet
1612 3889 1845 3956 ortum,
1888 3902 2030 3942 cum
2059 3903 2234 3944 mare
2265 3891 2331 3941 et
2372 3891 2574 3944 terras
2630 3895 2642 3910 “

591 3965 773 4050 aquis
794 3976 862 4028 et
889 3965 1375 4049 tempestatibus
1400 3965 1638 4028 turbat.
1737 3964 1926 4028 Hunc
1957 3965 2236 4028 Romani
2264 3963 2306 4026 J
2307 3966 2570 4050 ugulam

590 4061 839 4132 vocant,
880 4073 957 4114 eo
988 4050 1160 4136 quod
1198 4050 1283 4115 sit
1322 4060 1623 4132 armatus,
1660 4059 1736 4114 ut
1773 4050 2021 4132 gladius
2060 4049 2388 4116 stellarum
2431 4050 2572 4115 luce
