2992 4842
1033 586 1106 623 An
1129 587 1486 624 PHAENOMENA
1510 587 1745 624 ARATEA·
2362 592 2394 625 V

394 713 557 763 Atidis
581 718 630 764 et
651 712 816 762 Deum
835 711 1006 762 matris
1025 727 1131 761 esse
1151 713 1414 762 ministros.
1483 713 1659 764 Guor.
1724 713 1803 762 De
1820 712 1989 762 Attide
2001 713 2223 763 videatur
2238 716 2393 764 Arno-

395 779 507 827 bius
531 785 696 827 contra
713 783 881 839 gentes
901 792 950 825 v.
973 793 1082 840 pag.
1107 778 1218 838 186,
1255 786 1306 826 et
1327 779 1408 828 vii.
1427 793 1541 841 pag.
1564 781 1675 827 238.
1742 777 2030 841 Fulgentius
2066 779 2274 842 Mythol.
2305 780 2390 830 lib.

389 844 465 892 iii.
486 859 530 890 c.
557 845 603 890 5.
670 843 944 890 Macrobius
971 843 1162 891 Saturn.
1183 843 1216 891 i.
1238 859 1281 890 c.
1305 845 1384 892 21.
1450 844 1709 906 Pignorius
1732 843 1785 891 in
1814 847 2006 906 Magna
2038 843 2202 892 Deum
2224 846 2395 894 matris

396 908 544 956 Idaeae
565 913 616 955 et
639 907 812 954 Attidis
833 907 1005 955 initiis.
1071 907 1332 970 Inscriptio
1353 909 1419 955 vii
1439 908 1568 971 apud
1592 908 1863 956 Gruterum
1884 923 1930 970 p.
1960 909 2102 965 1123,
2121 915 2173 956 et
2190 909 2261 956 iii.
2278 925 2394 973 pag.

395 975 474 1029 27,
499 979 548 1020 et
569 972 619 1020 ii.
643 987 755 1034 pag.
778 974 858 1020 28.
927 971 1133 1020 Ovidius
1167 973 1498 1034 Metamorph.
1522 987 1572 1020 x.
1595 989 1640 1020 v.
1670 974 1777 1020 104.
1845 973 2111 1021 Pausanias
2131 973 2217 1022 lib.
2240 974 2324 1022 vii.
2347 990 2392 1024 c.

394 1038 471 1088 17.
507 1037 680 1084 Suidas
700 1038 753 1084 in
775 1036 950 1084 Attide.
1017 1037 1324 1084 ‚scholiastes
1355 1039 1416 1084 ad
1449 1037 1685 1085 Nicandri
1706 1037 2032 1100 Alexipharm.
2055 1052 2102 1086 v.
2126 1041 2174 1096 8,
2194 1053 2305 1100 pag.
2328 1039 2395 1088 64

391 1102 598 1164 copiose.
681 1101 880 1161 Capella
911 1101 995 1149 lib.
1028 1101 1079 1148 ii.
1113 1101 1280 1164 philol.
1321 1109 1457 1164 nupt.
1491 1117 1602 1164 pag.
1636 1103 1719 1150 43.
1790 1101 2098 1164 Corybantes]
2138 1103 2209 1150 Hi
2241 1103 2395 1152 iidem

389 1174 624 1228 putantur
643 1181 674 1213 a
693 1166 998 1228 quibusdam,
1024 1182 1079 1214 ac
1109 1167 1328 1225 Curetes,
1353 1168 1515 1214 Cretae
1535 1167 1793 1228 indigene,
1814 1166 1899 1228 qui
1922 1167 2169 1231 tympanis
2188 1173 2238 1216 et
2256 1168 2393 1216 simi-

393 1231 522 1278 libus
543 1231 876 1278 instrumentis
897 1233 1160 1278 Saturnum
1177 1231 1532 1291 deterruerunt,
1554 1247 1615 1279 ne
1628 1231 1785 1279 filium
1799 1231 1831 1278 J
1833 1246 1975 1279 ovem
1988 1246 2049 1279 ex
2063 1231 2205 1280 Rhea
2221 1240 2393 1282 natum

395 1296 656 1343 devoraret.
722 1294 848 1342 Vide
884 1296 1078 1356 copiose
1115 1295 1445 1358 disputantem
1477 1297 1763 1344 Strabonem
1806 1295 1889 1344 lib.
1924 1311 1971 1344 x.
2007 1311 2116 1358 pag.
2154 1295 2393 1349 718-726.

395 1360 630 1408 Nonnum
653 1359 860 1422 Dionys.
882 1360 1016 1409 xviii.
1039 1375 1085 1408 v.
1108 1363 1186 1418 25,
1208 1377 1259 1423 p.
1285 1361 1395 1410 386.
1475 1361 1778 1424 Stephanum
1813 1360 1867 1408 iu
1904 1359 2149 1422 Scylletio.
2182 1362 2393 1411 Statium

393 1425 543 1473 Theb.
564 1425 627 1472 iv.
651 1423 760 1475 782.
828 1425 1060 1472 Ovidium
1098 1427 1228 1473 Fast.
1247 1426 1310 1472 iv.
1334 1441 1381 1476 v.
1409 1425 1853 1474 189-214.-SCH.
1986 1425 2066 1472 Sic
2086 1425 2257 1488 scripsi
2278 1441 2393 1475 cum

392 1489 654 1537 Schrader-o
686 1489 722 1536 1.
748 1490 788 1536 1.
825 1489 910 1536 cfr.
939 1489 1343 1538 Commodianum
1383 1491 1561 1538 Afrum
1581 1489 1643 1538 V.
1668 1488 1711 1540 7.
1751 1489 1983 1552 (Jupiter)
2021 1492 2099 1537 Et
2121 1497 2260 1538 antro
2274 1507 2392 1554 pro·

395 1558 528 1601 cessit
536 1555 731 1616 juvenis
740 1554 1012 1618 fitrtimque
1031 1558 1257 1603 nutritus.
1323 1555 1466 1602 Prius
1498 1555 1745 1617 placebat:
1780 1553 1957 1602 Dictoei
1986 1560 2140 1602 tezen
2161 1555 2256 1602 deoe
2278 1572 2395 1605 cum

393 1617 708 1666 Wakefieldio
750 1617 785 1666 l.
826 1618 862 1666 l.
896 1620 1114 1681 proxime
1137 1635 1254 1667 sane
1277 1620 1338 1666 ad
1357 1619 1473 1667 lect.
1510 1620 1601 1667 cd.
1626 1619 1718 1668 A.=
1756 1619 1892 1667 dictoe
1912 1625 2105 1666 oetexere
2127 1619 2393 1680 deifizmuh‘

393 1683 694 1745 corybantes:
725 1688 914 1744 poterat
950 1683 1099 1731 etiam
1138 1684 1313 1732 tentari
1354 1683 1551 1732 Dictoeoe
1584 1689 1738 1732 texere
1775 1685 1887 1741 ἄρα»,
1927 1684 2013 1731 sed
2050 1684 2249 1732 omnino
2282 1693 2395 1746 post

393 1751 830 1809 anonim-parentis
863 1748 1030 1795 inferri
1064 1764 1163 1796 non
1202 1749 1343 1797 debet
1378 1749 1456 1797 vel
1491 1749 1589 1797 deoe
1625 1747 1925 1810 simpliciter,
1958 1747 2038 1796 vel
2072 1749 2211 1810 pejus
2244 1750 2394 1799 etiam

395 1812 584 1861 Dz’ctaeoe
599 1814 720 1869 deae5
753 1812 977 1874 quocirca
996 1813 1298 1874 ingeniosam
1323 1813 1575 1862 Schraderi
1598 1814 1925 1875 conjecturam
1950 1827 2114 1860 veram
2130 1827 2235 1861 esse
2250 1814 2391 1863 duco.

395 1876 560 1925 Dictei
599 1883 748 1924 texere
783 1877 909 1924 datis
943 1878 1077 1938 (cum
1111 1878 1220 1937 lin.)
1236 1878 1425 1938 famuli
1462 1877 1769 1940 chor-ybantes
1801 1877 1907 1926 EG.
1975 1877 2104 1925 Item
2126 1877 2202 1935 Β.,
2238 1879 2323 1926 sed
2343 1895 2391 1930 v.

396 1943 522 1990 datis
543 1957 781 2003 superscr.
818 1941 894 1988 dei
915 1943 1011 2002 (et:
1045 1941 1382 2003 chor-ibantes.)
1405 1943 1534 1990 dicta
1557 1950 1771 1991 exercent
1788 1943 1985 1989 domine
2002 1943 2055 2003 s.
2078 1959 2116 1990 c.
2146 1943 2200 1990 F.
2272 1943 2393 1992 Dic-

398 2010 475 2054 toei
513 2011 730 2053 exercent
765 2006 960 2054 domine
985 2008 1032 2066 s.
1077 2006 1132 2054 C.
1164 2008 1246 2070 gb.
1296 2011 1437 2055 Dicta
1477 2022 1689 2055 exercere
1727 2007 1913 2054 domine
1932 2007 1982 2065 j:
2020 2008 2076 2055 C.
2102 2007 2157 2055 P.
2200 2006 2396 2058 Rctoeae

409 2077 614 2133 teqerent
649 2071 844 2118 domime
865 2071 913 2130 j:
958 2071 1012 2118 C.
1081 2071 1326 2120 Barthius.
1395 2072 1574 2120 Dictaei
1608 2077 1759 2120 texere
1783 2071 1955 2134 Atydis
1971 2074 2021 2133 j:
2060 2071 2116 2120 G.
2133 2086 2182 2134 g.
2203 2074 2332 2136 conj.
2354 2089 2394 2122 s.

461 2202 537 2248 39.
574 2201 632 2248 H
633 2202 677 2246 ic
699 2199 755 2247 P.
777 2204 944 2247 contra
966 2199 1265 2248 eda—03.

461 2267 541 2312 40.
575 2265 718 2312 Idem
739 2263 948 2312 affirmat
966 2264 1204 2312 Manilius
1227 2265 1312 2315 lib.
1335 2264 1370 2312 i.
1393 2279 1439 2313 v.
1464 2263 1579 2314 297.
1627 2263 1734 2312 Nec
1759 2263 1964 2312 Flaccus
1985 2263 2037 2312 in
2056 2263 2325 2328 Argonaut.
2347 2281 2394 2315 v,

396 2331 458 2376 45
482 2329 628 2377 nimis
649 2328 1218 2376 dissentit—-SCH--——
1235 2327 1400 2392 Grais]
1425 2328 1627 2377 ABEP.
1654 2329 1821 2378 Graiis
1840 2329 1947 2391 gsb.
1986 2328 2159 2392 (Ibid.)
2181 2329 2393 2394 cursum]

395 2394 642 2456 BEGgsb.
677 2409 840 2441 cursus
861 2393 968 2441 ΑΡ.
1002 2409 1141 2441 cursu
1163 2393 1397 2443 R-OR,

460 2461 541 2508 41.
576 2458 674 2506 Adi
697 2459 984 2506 Strabonem
1005 2458 1088 2506 lib.
1112 2458 1146 2505 i.
1170 2474 1219 2521 p.
1236 2460 1282 2517 6,
1307 2458 1351 2510 7.
1398 2457 1573 2507 Manil.
1594 2458 1680 2506 lib.
1704 2457 1736 2505 i.
1760 2457 1875 2506 298.
1919 2457 2151 2508 Ovidium
2174 2458 2305 2508 Fast.
2320 2458 2397 2508 iii.

460 2590 538 2636 44.
573 2587 711 2634 Male
750 2586 937 2648 vulgati
975 2601 1082 2649 qua.
1171 2587 1388 2636 Primam
1425 2588 1577 2635 ferme
1622 2585 1843 2634 omnium
1890 2586 2143 2635 stellarum
2186 2587 2395 2636 Helicen

395 2653 530 2765 ‘'Arizfi'n
537 2652 650 2764 3:13²
651 2651 1653 2779 “²5:AE⁰133?2<³1z35122⁶3⁶222223⁶ffi¹3
1702 2651 2218 2765 ἓῗῖἔὰῖὸἳτῗᾲεῖζ
2226 2650 2393 2765 vagg

460 2784 540 2830 45.
579 2779 791 2894 Gertioff]
829 2781 881 2828 id
919 2786 1010 2840 est,
1047 2781 1108 2827 ad
1138 2796 1338 2830 cursum
1371 2781 1677 2844 dirigendum
1711 2786 1761 2829 et
1792 2781 1972 2828 certius
2004 2781 2396 2845 prosequendum

395 2861 424 2894 a
457 2846 709 2894 tion—SC
771 2878 784 2892 .

423 2861 542 2960 p46.
578 2910 640 2957 Id
659 2917 748 2968 est,
771 2909 950 2972 exiguo
970 2909 1266 2959 convertitur
1289 2910 1444 2974 spatio
1464 2909 1527 2957 ad
1547 2909 1922 2958 axem.—SCH.

461 2975 538 3026 47.
576 2976 639 3023 Id
679 2981 768 3032 est,
805 2989 951 3022 naves
989 2974 1285 3024 Phoenicias.
1354 2975 1504 3022 Sidon
1538 2975 1652 3022 urbs
1677 2974 1945 3022 clarissima
1976 2979 2025 3022 et
2058 2972 2397 3036 antiquissima

396 3039 673 3097 Phoenices,
711 3052 860 3102 prope
893 3039 1094 3102 Tyrum.
1162 3040 1434 3102 Stephanus
1457 3041 1517 3087 de
1552 3039 1725 3088 Urbib.
1782 3039 1951 3087 Strabo
1975 3039 2059 3087 lib.
2082 3039 2115 3086 i.
2140 3054 2190 3101 p.
2210 3039 2291 3098 68,
2313 3041 2394 3098 69,

399 3111 449 3153 et
470 3105 552 3152 lib.
577 3104 675 3151 xvi.
697 3117 745 3166 p.
774 3101 917 3161 1097,
939 3119 1042 3166 seq.
1107 3104 1308 3153 Curtius
1342 3105 1407 3153 iv.
1443 3106 1492 3163 4,
1529 3105 1606 3153 15.
1673 3103 1797 3152 Vide
1829 3103 2020 3152 March.
2054 3104 2181 3152 Can.
2216 3104 2309 3153 Ch.
2344 3120 2396 3168 p.

461 3235 540 3282 48.
574 3233 652 3281 Sic
687 3231 985 3281 Claudianus
1017 3233 1076 3280 de
1109 3233 1287 3282 laudib.
1315 3232 1468 3281 Stilic.
1491 3231 1550 3280 11
1573 3237 1696 3281 extr.
1761 3232 1878 3280 Non
1914 3236 2041 3281 inter
2071 3235 2279 3296 qeminos
2310 3247 2396 3280 an·

391 3299 502 3359 quis
537 3299 739 3360 ylctciale
782 3300 958 3346 triones
1000 3297 1186 3358 sibilet,
1229 3298 1482 3346 immodico
1522 3313 1607 3345 nec
1654 3298 1845 3359 friqore
1888 3300 2049 3345 saeviat
2091 3313 2221 3345 ursa.
2285 3297 2398 3347 add.

399 3362 450 3409 N
453 3377 610 3410 onnus
633 3362 840 3426 Dionys.
861 3377 975 3408 xxv.
997 3364 1108 3420 400,
1133 3369 1183 3410 et
1202 3362 1317 3410 libr.
1336 3362 1368 3410 i.
1390 3378 1440 3424 p.
1461 3363 1544 3411 22.
1611 3362 1811 3425 Capella
1832 3362 1891 3409 de
1916 3361 2111 3410 Astron.
2145 3377 2256 3424 pag.
2280 3363 2393 3420 282,

398 3426 544 3474 multi
580 3427 678 3474 alii.
746 3427 849 3474 Res
875 3426 1146 3475 notissima.
1211 3426 1404 3488 abrupti
1413 3429 1640 3490 stunzim's
1662 3426 1833 3486 instar)
1864 3425 2120 3490 Expressit
2155 3427 2396 3475 Arateum

397 3490 520 3539 illud
553 3488 637 3550 οἵη
674 3490 933 3554 ποταμοῖο
967 3489 1226 3556 ἀποῤῥώξ.
1294 3491 1409 3539 Non
1441 3491 1681 3554 potuisset
1707 3491 1865 3554 magia
1892 3492 1954 3538 ad
1976 3492 2191 3540 verbum.
2260 3490 2395 3539 Nam

397 3561 446 3602 et
480 3555 612 3604 locos
649 3553 966 3621 ἁποῤῥῶγας
999 3557 1228 3618 abruptos
1261 3571 1509 3604 vocamus.
1576 3555 1685 3618 Ego
1706 3562 1825 3618 puto
1849 3557 2085 3619 ποταμοῦ
2105 3552 2392 3620 ἀποῤῥῶγα

396 3619 1049 3740 ἓὶῗίἒῳῖπὲεῗέἃῗοῖἔῗ
1072 3620 1624 3750 ωῗΡῗωέπῖῗΡΣὲὼ
1644 3620 2395 3748 ἾξίιξέἓίωΡὲεὲὛεὶὶαὲἧέζὲ

393 3719 652 3799 εἰηπαέιΐυν
668 3703 1062 3814 βεωῦηαχὶαὲειι..
1129 3701 1248 3798 Ngrgi
1267 3751 1384 3798 satis
1406 3701 1517 3812 apqe
1551 3749 1736 3809 Cicero,
1760 3765 1805 3798 v.
1830 3719 1909 3807 45,
1942 3749 2111 3812 rapido
2143 3764 2250 3797 cum
2274 3766 2391 3812 yur-

392 3816 491 3876 9ite
531 3816 722 3872 flumem
792 3817 967 3866 Guo‘r.
1035 3817 1126 3863 Est
1155 3815 1250 3864 hoc
1285 3815 1393 3863 loco
1429 3810 1677 3878 ἀπορῤὡξ
1712 3829 1824 3876 pars
1858 3814 2092 3872 fluminis,
2132 3820 2188 3862 ut
2219 3814 2271 3860 in
2306 3814 2393 3862 illo

397 3878 605 3926 Homeri
638 3881 813 3944 Odyss.
849 3881 913 3930 Κ.
970 3878 1144 3927 Ἔνθα
1173 3879 1270 3943 μὲν
1301 3878 1372 3936 εἰς
1405 3878 1690 3944 Ἀχέροντα
1727 3877 2121 3943 Πυριφλεγέθων
2144 3895 2198 3926 τε
2221 3875 2395 3941 ῥέουσι

397 3941 643 4000 Κωκυτός
677 3945 748 4004 8‘,
779 3945 837 4002 ὃς
870 3943 932 4004 δὴ
970 3945 1170 4008 Στυγὸς
1191 3941 1378 3998 ὕδατός
1415 3944 1529 3993 ἐςιν
1561 3940 1819 4008 α’ποῤῥώἔ.
1887 3944 2019 3992 Hinc
2041 3945 2101 3991 ad
2123 3943 2217 3992 alia
2238 3951 2391 3991 trans-

395 4007 551 4055 fertur
591 4010 652 4057 ab
695 4010 864 4058 eodem
904 4011 1078 4073 Odyss.
1103 4010 1144 4058 I.
1212 4007 1378 4057 Ἀλλὰ
1413 4007 1519 4058 τόδ’
1556 4005 1846 4074 ἀμβροσίης
1882 4008 1965 4056 καὶ
2000 4007 2153 4056 venera
2186 4005 2244 4064 ός
2276 4006 2392 4056 {ew

394 4069 657 4138 άπορῤώξ.
725 4073 822 4122 Sed
851 4075 938 4124 hoc
970 4076 1131 4124 vinum
1164 4080 1231 4122 est
1261 4089 1320 4122 ex
1357 4074 1594 4124 ambrosia
1626 4080 1673 4122 et
1702 4078 1889 4122 nectare
1925 4074 2115 4122 deorum
2188 4078 2390 4122 austum.
