2992 4842
1139 555 1479 596 cnnnanxco
1505 556 1761 596 norum.
2359 543 2455 596 xix

456 685 625 740 suisse
658 685 888 755 comperi
920 683 959 736 J
960 700 1007 737 o.
1042 683 1081 736 J
1082 686 1365 739 ausonium
1396 687 1564 740 Amst.
1594 687 1746 739 1621.
1769 685 1806 739 f.
1829 685 2145 755 easdemque
2166 684 2457 738 minoribus

456 755 637 808 formis
658 772 927 824 expressas
962 756 1020 808 in
1057 755 1463 826 Mythographis
1486 757 1597 810 suis
1620 755 1880 822 exhibuit,
1914 763 1969 810 et
2003 754 2256 810 Poeticon
2279 757 2455 808 Astro-

458 827 702 879 nomioon
726 826 1099 896 Hyginianum
1114 843 1365 879 exornare
1373 825 1540 895 jussit
1568 825 1747 880 Tkmn.
1765 825 2074 893 Munkmoe,
2095 825 2222 879 ibid.
2242 829 2453 878 1681-8.

461 896 589 950 Post
624 896 871 948 Grotium
898 895 1199 949 Germanici
1222 897 1416 950 Aratea
1438 914 1564 950 cum
1587 898 1804 967 integris
1829 897 2082 966 Hugonis
2105 896 2277 950 Grotii
2298 896 2455 961 notiS‚

458 966 676 1036 suisque
710 974 765 1019 et
797 968 1061 1020 variorum
1096 967 1651 1033 animadversionibus,
1690 974 1744 1020 et
1764 984 1876 1020 una
1896 985 2020 1020 cum
2046 966 2456 1050 Epigrammatis

460 1036 665 1090 Graecis
697 1043 749 1090 et
783 1037 1003 1102 Latinis,
1040 1036 1355 1091 Germanico
1378 1037 1546 1092 Drusi
1570 1037 1630 1090 F.
1653 1037 1880 1104 tributis,
1903 1038 2222 1090 carminibus
2258 1054 2328 1090 ue
2347 1037 2456 1089 sive

632 1107 769 1160 entis
790 1109 1085 1160 casalinum
1108 1125 1173 1177 pe
1234 1108 1384 1161 aucis
1416 1107 1455 1160 J
1458 1107 1558 1160 ulii
1591 1108 1832 1174 Caesaris,
1867 1108 2100 1178 Augusti
2129 1115 2184 1160 et
2270 1108 2456 1172 ermis,

462 1177 557 1231 vul
590 1249 602 1260 ι
625 1179 709 1258 vit
739 1177 826 1230 Jo.
872 1176 1143 1230 Com-aduc
1216 1177 1361 1262 alim
1398 1175 1693 1243 Schwartz,
1727 1178 1984 1248 Coburgi,
2025 1181 2176 1260 3716.
2201 1181 2251 1230 8.
2274 1176 2458 1230 addita

462 1254 812 1371 iingass‘ffl?
832 1248 1750 1388 issfflfflzpfflimssffflfflffis‘ssss?
1777 1248 2458 1385 {¹1:332ssssssssss

466 1395 691 1441 veterem
712 1388 888 1454 etiam,
927 1404 1086 1457 quem
1121 1395 1325 1453 vocant,
1364 1389 1709 1454 scholiastem‚
1747 1389 2060 1442 recensitum
2083 1405 2118 1441 a
2138 1406 2192 1441 se
2214 1386 2457 1441 emenda-

464 1465 706 1527 tumque,
728 1457 1073 1528 adjunxisset.
1130 1459 1253 1512 Alia
1274 1458 1504 1527 denique
1524 1457 1682 1512 editio
1705 1458 2122 1528 Lunebergensis
2145 1459 2245 1512 scri
2282 1466 2457 1510 torum

466 1528 770 1581 Germanici
806 1528 1025 1582 debetur
1064 1527 1254 1582 Christ.
1276 1529 1428 1582 Frid.
1454 1526 1744 1595 Schmidio,
1780 1527 1994 1582 Rectori
2026 1529 2229 1582 Scholae
2302 1529 2456 1581 uneb.

464 1616 516 1652 a.
543 1603 695 1651 1728.
754 1597 801 1649 Ε
840 1598 1101 1669 igramma
1117 1599 1174 1650 in
1198 1599 1457 1652 Thracem
1478 1616 1706 1669 puerum
1726 1599 1960 1652 illustrat
1973 1599 2212 1669 Angelus
2236 1597 2458 1651 Decem-

467 1669 613 1722 brius
634 1669 725 1721 lib.
746 1668 798 1719 V
834 1709 847 1722 .
872 1668 937 1721 de
958 1669 1141 1738 politia
1159 1669 1387 1722 literaria
1408 1688 1453 1723 c.
1476 1673 1561 1722 69.
1619 1667 1928 1722 Scholia-stes
1949 1677 2128 1722 autem
2156 1668 2458 1721 Germanici

464 1739 576 1808 ipse
597 1739 703 1805 ille,
727 1740 823 1809 qui
843 1739 1211 1808 Metaphrasin
1233 1741 1381 1793 Arati
1404 1739 1656 1806 condidit,
1679 1739 2026 1792 Germanicus
2049 1746 2143 1805 est,
2166 1740 2210 1791 si
2234 1738 2454 1792 Barthio

464 1809 727 1862 credimus
763 1809 828 1862 T.
871 1809 917 1862 Ι.
957 1809 1028 1862 ad
1069 1810 1299 1863 Statium
1320 1827 1372 1880 p.
1396 1813 1520 1876 465,
1555 1817 1610 1862 et
1642 1809 1714 1862 ad
1749 1809 2112 1863 Claudianum
2133 1827 2184 1880 p.
2213 1813 2329 1874 123,
2365 1809 2459 1862 ubi

464 1896 590 1932 eum
622 1880 681 1931 in
716 1879 888 1932 Grotii
920 1880 1081 1932 Arato
1153 1880 1521 1933 raetermissum
1543 1879 1698 1933 dolet.
1768 1879 1933 1932 Aliud
1955 1880 2162 1933 videtur
2183 1878 2460 1944 Hadriano

465 1948 504 2002 J
506 1950 648 2016 unio,
672 1965 830 2019 quem
852 1948 971 2002 vide
990 1950 1081 2002 lib.
1190 1989 1203 2002 .
1225 1950 1584 2003 Animadversa
1608 1967 1720 2020 cap.
1743 1954 1829 2003 20.
1901 1950 2040 2004 Sane
2077 1950 2328 2004 Barthius
2348 1950 2459 2019 ipse

465 2019 594 2072 alibi
632 2019 937 2086 observavit,
976 2037 1175 2086 versuS,
1216 2021 1309 2090 qui
1350 2021 1461 2073 sine
1496 2021 1708 2073 nomine
1729 2038 1780 2091 p.
1809 2023 1926 2086 143,
1961 2038 1996 2074 a
2030 2020 2302 2074 scholiastae
2327 2019 2458 2072 Ger-

465 2090 661 2143 manici
698 2090 1009 2156 afferuntur,
1047 2107 1157 2143 esse
1192 2089 1487 2156 Prudentii‚
1525 2097 1606 2144 tot
1639 2090 1847 2144 saeculis
1886 2090 2200 2158 Germanico
2214 2090 2456 2160 junioris,

466 2159 746 2214 Nonnulla
764 2161 925 2214 etiam
946 2176 1016 2212 ex
1036 2161 1118 2226 iis,
1142 2177 1261 2230 quae
1284 2161 1586 2214 scholiastes
1609 2161 1912 2214 Germanici
1933 2162 2093 2214 habet
2113 2179 2164 2231 p.
2192 2165 2311 2226 141,
2341 2163 2458 2226 143,

464 2229 649 2283 eadem
669 2231 923 2300 leguntur
943 2231 1002 2283 in
1021 2230 1385 2352 ¹¹1¹,5‘h01035058
1408 2230 1694 2300 Fulgentii,
1716 2239 1782 2284 ut
1799 2232 1890 2283 lib.
1916 2230 1963 2284 Ι.
1987 2249 2038 2300 Ρ.
2055 2234 2176 2297 780,
2199 2238 2252 2284 et
2266 2231 2358 2283 lib.
2377 2229 2459 2282 II.

506 2340 519 2352 .
542 2304 664 2365 822,
684 2317 782 2354 nec
805 2317 912 2353 non
934 2317 1019 2370 ap.
1090 2301 1281 2353 linium
1302 2301 1528 2354 XVIII.
1553 2305 1638 2353 26.
1692 2301 1915 2355 Fulvius
1939 2301 2168 2354 Ursinus
2190 2318 2311 2372 pag.
2340 2304 2456 2352 114.

515 2371 675 2440 irgilii
720 2387 845 2424 cum
890 2370 1091 2424 Graecis
1135 2371 1473 2441 scriptoribus
1518 2371 1712 2438 collati,
1755 2372 2056 2441 scriptorem
2101 2371 2460 2425 commentarii

462 2441 610 2494 illius
654 2439 753 2494 Cal
822 2440 1002 2494 mium
1036 2441 1258 2494 Bassum
1292 2449 1458 2494 vocat.
1533 2440 1813 2495 Nonnulla
1850 2443 1967 2511 eJus
2005 2442 2124 2494 loca
2159 2448 2330 2495 tentat
2362 2447 2461 2494 aut

463 2511 696 2564 illustrat
784 2511 989 2564 eursius
1011 2511 1193 2565 Critici
1217 2511 1503 2564 Arnobiani
1529 2511 1624 2564 IV.
1649 2515 1699 2564 3.

536 2581 633 2634 IV.
669 2581 1068 2652 Epiqrammata
1108 2581 1353 2650 quaedam
1388 2583 1488 2634 sub
1526 2581 1830 2635 Germanici
1852 2582 2063 2635 nomine
2084 2588 2368 2635 occurrunt
2401 2581 2459 2632 in

464 2668 497 2704 a
533 2650 754 2721 pendice
774 2651 1004 2721 Virgilii,
1038 2659 1093 2704 et
1111 2653 1248 2705 inter
1271 2651 1526 2705 Poemata
1549 2659 1724 2706 vetera
1745 2652 1962 2705 collecta
1983 2669 2018 2705 a
2049 2652 2109 2704 P.
2136 2652 2361 2717 pithoeo,
2397 2659 2461 2704 ut

520 2737 656 2776 raeca
691 2723 749 2774 in
789 2722 1031 2792 praesenti
1068 2729 1387 2792 praeteream,
1424 2739 1544 2791 quae
1582 2722 1838 2792 leguntur
1873 2724 1932 2775 in
1970 2723 2291 2792 Anthologia
2330 2721 2460 2791 Epi-

465 2799 820 2862 grammatum
843 2793 1167 2846 Graecorum.
1239 2791 1425 2847 Oravit
1461 2809 1650 2845 causas
1685 2793 2048 2854 Germanich
2084 2794 2242 2845 etiam
2271 2793 2461 2844 trium-

466 2861 654 2932 phalia
692 2870 854 2932 atque
884 2863 1021 2915 inter
1057 2870 1245 2916 caetera
1266 2862 1929 2916 studiorummonumenta
1952 2863 2233 2932 reliquerat
2267 2868 2322 2915 et
2355 2863 2458 2914 Co-

466 2932 687 2986 moedias
725 2932 954 2999 Graecas,
993 2939 1124 2986 teste
1163 2932 1377 2986 Sueten.
1417 2933 1591 3003 Calig.
1629 2951 1674 2986 c.
1715 2937 1766 2985 3.
1840 2932 1945 2986 Sed
1987 2933 2176 2986 horum
2220 2931 2460 2985 omnium

464 3002 598 3056 nihil
622 3003 911 3073 quicquam
934 3002 1003 3055 ad
1025 3019 1121 3056 nos
1144 3005 1393 3073 pervenit.

465 3293 575 3346 His
617 3293 744 3347 addi
780 3303 997 3365 possunt
1038 3311 1151 3364 quae
1196 3293 1343 3346 habet
1388 3292 1622 3346 Buhlius
1659 3295 1720 3347 in
1755 3294 2169 3347 commtatione
2203 3294 2266 3346 de
2299 3294 2457 3347 Arati

1262 3363 1651 3435 Interpretibus.

536 3481 748 3536 Meliori
802 3501 927 3537 cum
980 3483 1209 3549 fortuna,
1273 3500 1435 3552 quam
1489 3484 1692 3550 Cicero,
1744 3499 1934 3536 novam
1979 3484 2128 3537 Arati
2171 3485 2458 3538 versionem

464 3553 721 3621 poeticam
758 3555 989 3624 suscepit
1026 3553 1362 3606 Gernwnicm
1404 3553 1590 3619 Coesar,
1631 3554 1986 3606 nobilissimus
2015 3555 2106 3607 ille
2138 3554 2326 3608 domus
2347 3555 2458 3607 Au-

465 3631 665 3692 gusteae
703 3622 868 3690 heros»,
906 3625 1127 3694 egregiis
1162 3624 1445 3677 virtutibus
1481 3631 1536 3677 et
1568 3625 1767 3676 meritis
1802 3625 2060 3688 civilibuS‚
2098 3626 2358 3693 rebusque
2401 3627 2458 3677 in

463 3692 616 3745 bellis
639 3692 872 3746 Romani
895 3693 1111 3764 Imperii
1134 3711 1259 3747 cum
1283 3695 1564 3748 Germanis
1585 3695 1744 3764 gestis
1765 3694 1897 3748 adeo
1918 3696 2156 3765 insignia
2193 3702 2257 3747 ut
2277 3695 2460 3748 laurea

464 3763 683 3832 poetica,
724 3781 888 3834 quam
922 3765 1127 3817 Arateis
1147 3765 1313 3818 latine
1336 3765 1614 3818 reddendis
1645 3766 1911 3834 acquirere
1942 3765 2264 3830 allaboravit,
2303 3764 2458 3818 facile

464 3849 635 3886 carere
678 3835 911 3904 potuisse
964 3835 1219 3888 videatur.
1315 3833 1653 3888 Dubitarunt
1702 3835 1937 3904 quidam,
1984 3852 2054 3888 an
2110 3835 2464 3888 Germanicus

464 3902 643 3956 Caesar
680 3921 799 3957 vere
838 3906 1134 3958 carminum
1174 3905 1503 3971 Arateorum,
1537 3907 1638 3975 ipsi
1671 3905 2005 3970 tributorum,
2041 3912 2226 3958 auctor
2263 3904 2458 3972 fuerit;

462 3989 647 4026 verum
682 3975 944 4044 optimum
979 3984 1187 4045 poetam
1225 3974 1604 4029 Germanicum
1643 3974 1822 4041 fuisse,
1859 3974 2084 4028 Ovidius
2103 3982 2327 4028 testatus
2348 3983 2456 4042 θεῖς

462 4043 629 4112 igitur
649 4046 808 4098 etiam
832 4047 1067 4100 carmina
1086 4046 1278 4099 Aratea
1300 4045 1522 4100 condere
1545 4046 1718 4116 potuit
1757 4052 1810 4098 et
1843 4044 1989 4098 haud
2025 4045 2184 4098 dubie
2206 4045 2462 4112 condidit,
