2992 4842
1074 539 1144 575 An
1172 537 1531 575 rnAEumuma
1558 539 1789 574 ARATBA·
2368 542 2432 576 XV

431 665 593 725 disset,
618 667 706 714 8ιο.
771 662 894 713 Vide
913 677 1022 726 quse
1044 663 1106 710 ad
1127 663 1260 712 hunc
1279 663 1513 711 Varronis
1546 662 1711 712 locum
1731 662 2067 726 congessimus
2097 676 2161 712 ex
2192 664 2433 714 veteribus

433 731 764 793 scriptoribus.
827 729 952 776 Vide
973 736 1023 776 et
1041 728 1299 776 Barthium
1320 729 1573 777 Adversas.
1597 729 1640 778 I.
1674 744 1780 792 cap.
1807 731 1885 786 15,
1907 744 1955 792 p.
1980 729 2060 787 36,
2095 737 2145 778 et
2164 729 2433 778 Broeckhu-

436 797 566 842 sium
587 796 648 842 ad
671 793 854 843 Tibull.
880 793 938 841 II
959 793 1102 855 Eleg.
1129 793 1171 840 1.
1206 808 1251 841 v.
1276 791 1322 850 7,
1351 808 1463 856 pag.
1489 794 1601 840 208.
1672 793 1769 842 Hic
1796 794 1921 842 illud
1953 809 2109 842 unum
2148 795 2435 853 admonebo,

432 860 580 908 boves
602 859 720 908 olim
743 859 844 919 fere
869 866 918 907 et
951 864 1114 905 taur-os
1143 857 1204 906 ad
1238 873 1410 920 agrum
1441 858 1703 905 colendum
1734 859 1885 906 fuisse
1906 858 2161 907 adhibitos.
2225 860 2432 908 Ovidius

435 924 566 972 Fast.
593 925 635 972 I.
660 925 750 971 sub
771 924 855 973 fin.
886 924 1026 971 Bella
1047 923 1132 969 diu
1151 927 1338 970 tenuere
1360 925 1488 970 viros
1504 939 1521 969 .·
1553 929 1659 970 erat
1678 927 1835 986 aptior
1856 925 1980 971 emis
1998 923 2207 982 Vomere,
2243 923 2433 972 cedebat

433 993 598 1036 taurus
620 994 788 1036 arator
806 1003 938 1050 eque.
1005 987 1074 1034 Et
1091 1001 1205 1035 mox
1224 1003 1236 1033 ε
1269 987 1370 1036 Sub
1383 986 1507 1048 juya
1518 986 1601 1034 bos
1612 993 1785 1048 veniat,
1801 987 1885 1036 sub
1902 994 2053 1036 ter-ms
2071 1004 2225 1036 semen
2243 996 2406 1037 aratus
2418 1006 2436 1037 .·

431 1052 549 1101 Pax
589 1052 803 1101 Cererem
835 1055 990 1099 nutrit
1005 1069 1023 1108 ,·
1049 1054 1188 1112 pacis
1220 1052 1418 1099 alumna
1459 1051 1611 1100 Ceres.
1676 1052 1805 1100 Add.
1836 1053 1971 1100 ldem
1994 1053 2123 1100 Fast.
2144 1053 2219 1103 II.
2245 1055 2359 1114 295,
2382 1062 2433 1102 et

434 1117 524 1165 IV.
539 1119 655 1166 403.
720 1117 911 1165 Plinius
931 1115 1139 1163 XVIII.
1167 1117 1244 1173 18,
1280 1116 1426 1178 Syria
1467 1131 1649 1178 qnoque
1682 1121 1813 1165 tenui
1833 1117 1963 1165 sulco
1995 1125 2119 1176 arat,
2141 1133 2248 1166 cum
2266 1119 2431 1167 multi-

417 1183 612 1243 fariam
631 1183 684 1228 in
709 1182 862 1229 Italia
895 1184 1051 1228 octoni
1089 1179 1224 1228 boves
1254 1180 1320 1227 ad
1353 1181 1561 1242 sinyubs
1596 1195 1800 1230 vomeres
1831 1181 2067 1230 anhelent.
2137 1183 2248 1231 Vid.
2280 1184 2429 1232 etiam

434 1246 574 1293 Ovid.
611 1246 744 1294 Fast.
765 1246 806 1294 I.
844 1247 968 1301 384;
1003 1245 1263 1306 Antholog.
1291 1245 1453 1293 Graec.
1479 1245 1564 1292 lib.
1583 1245 1704 1294 VII.
1738 1261 1847 1309 pag.
1881 1247 1992 1294 623.
2061 1247 2285 1296 Catullus
2303 1248 2428 1310 Epi-

433 1311 632 1358 thalam.
656 1311 890 1368 Thetidis,
905 1325 952 1357 ν.
973 1311 1054 1356 40.
1120 1308 1361 1367 Tibullus,
1390 1310 1472 1358 lib.
1494 1309 1536 1356 I.
1556 1309 1700 1372 Eleg.
1721 1311 1765 1358 I.
1782 1327 1827 1358 v.
1848 1312 1923 1358 10.
1992 1311 2041 1358 N
2044 1327 2199 1360 onnus
2218 1312 2427 1377 Dionys.

431 1375 575 1422 XLI.
611 1391 659 1422 v.
679 1375 759 1426 27.
827 1374 922 1422 Sed
945 1374 1053 1421 hoec
1073 1373 1244 1422 itidem
1274 1373 1388 1422 alibi
1418 1375 1661 1438 copiosius
1692 1375 2077 1425 declarabuntur.
2146 1377 2429 1426 SCH.—

431 1439 666 1488 Adsuetus
686 1438 978 1486 BE.-0R.

501 1503 607 1555 137.
640 1504 865 1551 Deseruit
877 1500 1101 1566 propere]
1139 1501 1274 1550 Male
1311 1501 1679 1564 Manuscriptus
1710 1508 1917 1566 propr-le.
1986 1503 2119 1552 Citat
2150 1505 2283 1554 hunc
2318 1521 2427 1554 ver-

431 1583 542 1616 sum
573 1569 861 1616 Lactantius
894 1569 952 1614 de
973 1567 1142 1614 Justit.
1164 1566 1224 1614 V.
1263 1582 1304 1615 c.
1329 1569 1375 1624 5,
1413 1582 1452 1614 s.
1475 1569 1521 1614 9.
1560 1567 1733 1616 Gnor.
1803 1569 1993 1616 Similia
2028 1569 2170 1618 docet
2206 1570 2428 1630 Ovidius,

427 1633 511 1680 lib.
535 1633 580 1680 I.
603 1633 810 1680 Metam.
833 1647 882 1679 v.
906 1634 1015 1689 140,
1035 1639 1084 1678 et
1106 1632 1289 1679 Fastor.
1315 1631 1360 1679 I.
1382 1646 1426 1681 v.
1447 1633 1558 1680 249.
1628 1631 1879 1681 Eratosth.
1900 1643 1991 1681 cat.
2013 1635 2061 1682 9.
2128 1634 2429 1684 Claudianus

427 1696 514 1744 lib.
555 1697 597 1745 I.
633 1698 684 1745 in
724 1697 893 1746 Rufin.
942 1712 988 1744 v.
1023 1697 1134 1744 354.
1249 1693 1741 1760 SCH.—Pr⁰pere
1777 1699 1881 1759 gsb.
1926 1703 2125 1762 proprie
2172 1699 2428 1750 ABEGP.

495 1828 606 1873 138.
645 1825 688 1872 E
691 1834 710 1874 t
731 1823 860 1887 coeh]
888 1825 940 1873 Si
961 1824 1084 1872 mihi
1110 1824 1397 1886 persuadere
1420 1825 1622 1888 possim,
1649 1825 2001 1875 Germanicum
2026 1843 2143 1876 voce
2165 1827 2424 1890 paululum

431 1891 701 1953 antiquiore
723 1906 884 1946 usum,
919 1904 1020 1936 non
1043 1889 1305 1936 dubitarim
1330 1891 1410 1938 hic
1432 1891 1620 1952 legere:
1658 1893 1751 1937 Em
1771 1893 1874 1939 coeli
1894 1895 2063 1940 sortita
2084 1895 2252 1941 locum.
2309 1894 2428 1942 Fes-

429 1963 524 2013 tus,
558 1955 657 2004 Em
674 1971 766 2018 pro
787 1971 910 2014 eum,
945 1954 1005 2002 ab
1030 1969 1084 2000 eo
1106 1954 1239 2016 quod
1258 1960 1327 2002 est
1345 1957 1404 2002 is.
1476 1955 1659 2002 Sensus
1694 1955 1790 2004 tale
1824 1956 1941 2018 qnid
1974 1957 2204 2019 postulat,
2234 1965 2284 2006 et
2303 1958 2425 2008 forte

428 2019 522 2067 hoc
558 2022 736 2082 ipsum.
825 2020 1001 2067 Gnor.
1069 2019 1274 2080 Propius
1315 2033 1428 2066 vero
1466 2019 1701 2076 videatur,
1737 2021 1780 2067 si
1820 2021 2069 2084 scripsisse
2106 2022 2427 2086 conjiciamus

430 2085 810 2132 Germanicum:
852 2083 970 2132 Coeli
1003 2085 1233 2131 sortitura
1265 2084 1432 2139 locum,
1474 2082 1553 2130 vel
1588 2088 1642 2132 in
1672 2085 1819 2132 stellis
1839 2089 2007 2133 sortita
2039 2087 2425 2138 Iocum—SCH.

429 2149 852 2196 *Necessario
891 2148 1198 2195 scribendum
1234 2148 1284 2196 h.
1324 2147 1358 2194 l.
1395 2154 1501 2196 erat.
1540 2147 1611 2196 Et
1647 2149 1750 2196 caeli
1786 2155 1856 2196 est
1890 2151 2193 2214 (corruptum
2228 2161 2427 2215 propter

427 2214 714 2276 scripturam
751 2213 934 2272 coelist.)
988 2211 1150 2274 Vulgo
1187 2212 1428 2260 omittitur
1466 2219 1565 2260 est:
1615 2227 1712 2276 quo
1748 2214 1867 2262 vitio
1916 2216 2035 2264 scite
2072 2215 2423 2277 animadverso,

432 2278 634 2325 Grotius
670 2278 803 2325 haud
835 2277 1042 2325 feliciter
1079 2277 1352 2339 suspicatus
1389 2284 1488 2324 est:
1540 2276 1641 2325 Em
1667 2279 1768 2325 caeli
1798 2281 2085 2329 sortita-et
2132 2281 2425 2332 schwartius

435 2341 550 2390 Coeli
575 2345 806 2392 sortitura
827 2342 996 2398 locum,
1019 2341 1094 2388 vel
1114 2359 1126 2388 ι
1159 2341 1222 2388 In
1241 2341 1391 2388 stellis
1411 2344 1581 2389 sortita
1602 2343 1952 2392 locum.——OR.

500 2408 608 2455 139.
647 2406 840 2454 Tardus
859 2409 914 2453 in
933 2403 1169 2467 occasum]
1187 2409 1240 2452 in
1261 2421 1442 2462 occasu,
1465 2405 1581 2454 MS.
1604 2405 1851 2455 Homerus
1874 2409 2094 2457 nominat
2112 2406 2204 2472 ὀψὲ
2228 2407 2424 2460 δύοντα

429 2471 658 2529 Βοώτην.
713 2471 783 2518 Et
807 2470 1044 2530 Musaeus,
1067 2471 1208 2531 cujus
1229 2470 1368 2517 locus
1389 2470 1657 2518 etiamnum
1678 2472 1729 2518 in
1754 2473 1944 2522 mendo.
2018 2474 2107 2522 Ait
2124 2475 2281 2522 enim:
2320 2476 2425 2525 Καί

425 2551 518 2598 μιν
553 2533 874 2592 ἐποπτέυων,
913 2533 1004 2581 οὐκ
1041 2532 1234 2598 ὄψομαι
1255 2531 1418 2582 δύντα
1453 2533 1681 2595 Βοώτην,
1706 2535 1797 2583 ’ου
1827 2536 2033 2601 θρασὺν
2068 2537 2126 2586 Ὠ
2159 2536 2302 2600 ίωνα,
2338 2541 2424 2590 καὶ

432 2599 672 2664 ἄβροχον
694 2597 850 2647 ὁλκὸν
872 2596 1091 2662 ἁμάξης,
1131 2597 1390 2662 Πατρίδος
1415 2597 1721 2664 ἀντιπόροιο
1747 2603 1869 2650 ποτὶ
1888 2603 2088 2666 γλυκυν
2139 2619 2273 2667 ρμον
2307 2601 2424 2652 ἱκοί-

425 2681 546 2728 μην.
618 2665 922 2727 Legendum,
961 2662 1052 2711 οὐκ
1076 2661 1170 2726 ὀψὲ
1193 2660 1386 2711 δύοντα
1411 2663 1641 2724 Βοώτην,
1676 2673 1732 2712 ut
1754 2666 1817 2714 sit
1839 2683 2041 2716 sensus:
2078 2667 2261 2730 Nempe
2282 2670 2425 2718 illum

425 2733 673 2791 aspiciens,
693 2745 789 2777 non
809 2730 998 2776 tardum
1017 2744 1223 2791 meryere
1237 2735 1385 2792 ponto
1407 2729 1677 2786 Arcturum,
1703 2731 1758 2778 Η
1756 2732 2027 2793 yriadenve,
2042 2739 2129 2780 aut
2140 2735 2253 2782 sicci
2264 2735 2423 2783 sidera

427 2792 624 2851 Plostri,
665 2794 894 2856 Opposita
914 2799 968 2840 ut
984 2797 1163 2855 possim
1182 2797 1430 2841 stationem
1453 2799 1682 2856 attinqere
1705 2800 1852 2844 terroe.
1921 2797 2147 2845 Catullus
2180 2798 2230 2844 in
2266 2799 2423 2849 Coma

427 2857 689 2907 Berenices
710 2873 758 2907 v.
781 2859 860 2905 65.
926 2857 1136 2919 Viryinis
1155 2863 1204 2904 et
1221 2862 1330 2906 soevi
1352 2861 1625 2920 continqevzs
1644 2875 1846 2922 namque
1870 2864 2038 2910 Leonis
2058 2861 2286 2923 Lumina,
2313 2865 2421 2912 Cal-

425 2922 533 2971 listo
541 2923 715 2984 juncta
737 2923 1006 2984 Lycaoniae,
1027 2921 1194 2970 Vertar
1215 2926 1265 2969 in
1285 2938 1503 2970 occasum
1526 2924 1713 2970 tardum
1733 2925 1830 2972 dux
1850 2932 1958 2972 ante
1980 2927 2175 2983 Booten,
2215 2928 2313 2984 Qui
2335 2932 2420 2977 vix

425 3003 528 3036 sero
545 2989 643 3036 alto
665 2990 893 3049 meryitur
915 2986 1115 3034 Oceano.
1185 2987 1360 3035 Gnor.
1427 2987 1645 3035 Pertinet
1668 2987 1765 3036 huc
1789 2990 2109 3038 Anacreontis
2134 2991 2341 3040 Carmen
2364 2994 2419 3043 in

424 3052 597 3100 Amor.
620 3067 728 3114 pag.
753 3067 818 3100 m.
848 3052 954 3098 115.
1022 3049 1218 3112 Bootes]
1245 3051 1372 3101 Quis
1393 3052 1555 3109 fuerit,
1576 3052 1784 3100 breviter
1804 3055 2015 3103 ostendit
2039 3056 2088 3103 N
2091 3071 2249 3103 onnus
2270 3057 2415 3107 XIII

424 3115 633 3179 Dionys.
656 3131 703 3165 v.
727 3118 838 3173 295,
862 3130 908 3176 p.
933 3115 1045 3164 368.
1112 3112 1227 3163 Οἵτ’
1251 3114 1378 3178 ἔχον
1397 3113 1675 3179 Ἀρκαδίην
1708 3116 1871 3165 πόλιν
1903 3117 2163 3198 Ἀρκάδος,
2200 3117 2263 3167 ὅν
2285 3137 2415 3172 ποτε

423 3176 2418 3309 .⁹zz.31...1,.5502222.532222‚3;2225‘25

1266 3281 1278 3293 .
1948 3285 1951 3288 .
2403 3287 2417 3311 ,

426 3325 562 3371 quem
581 3311 696 3357 olim
715 3315 870 3357 mater
895 3311 1090 3358 Callisto
1113 3309 1230 3356 Jove·
1246 3315 1443 3372 peperit,
1478 3325 1511 3357 a
1541 3316 1679 3373 patre
1710 3313 1765 3359 in
1794 3313 1907 3360 coelo
1939 3313 2025 3360 sub
2044 3318 2231 3362 nomine
2252 3317 2416 3366 Bootae

419 3374 698 3436 yrandinem
716 3375 1044 3436 profundentis
1063 3375 1354 3422 collocatum.
1405 3375 1515 3422 add.
1544 3375 1790 3424 Eratosth.
1839 3377 2171 3426 Catasterism.
2195 3383 2240 3427 8.
2273 3381 2419 3431 Ovid.

426 3438 630 3488 Metam.
670 3438 741 3486 11.
783 3453 828 3486 v.
855 3439 966 3494 466,
1002 3454 1137 3500 seqq.
1205 3439 1470 3487 Pausanias
1506 3439 1657 3488 VIII.
1680 3455 1722 3487 c.
1746 3442 1792 3499 3,
1818 3457 1863 3504 p.
1887 3443 2000 3502 603,
2024 3445 2135 3492 604.
2205 3444 2415 3494 Schurz-

423 3503 628 3550 fleischii
652 3502 841 3550 Notitia
856 3503 1085 3551 Biblioth.
1132 3502 1404 3551 Vinariens.
1429 3519 1537 3565 pag.
1558 3506 1667 3552 145.
1724 3505 1853 3552 Mihi
1875 3516 2071 3569 propter
2086 3509 2415 3558 Astronomiae

425 3568 642 3614 studium
661 3568 850 3614 videtur
869 3568 920 3614 in
943 3567 1124 3616 coelum
1146 3567 1340 3614 relatus.
1412 3571 1541 3615 Nam
1565 3569 1693 3616 viam
1718 3570 1835 3618 solis
1857 3571 2059 3631 invenit,
2085 3572 2266 3621 Nonno
2289 3581 2413 3624 teste

422 3632 475 3678 in
512 3632 717 3694 Dionys.
752 3631 895 3679 XLI.
917 3646 964 3680 v,
989 3633 1048 3682 37
1055 3633 1099 3680 6.
1122 3647 1230 3693 pag.
1259 3631 1400 3683 1074.
1423 3647 1558 3694 seqq.
1625 3633 1829 3696 Reliqua
1862 3637 1967 3698 ejus
1998 3637 2195 3684 inventa
2228 3641 2413 3688 Pausa-

423 3696 530 3743 nias
554 3697 692 3744 docet
709 3696 796 3745 lib.
819 3696 970 3744 VIII.
993 3712 1036 3744 c.
1059 3698 1105 3744 4.
1129 3697 1333 3759 princip.
1403 3698 1577 3744 Bootes
1599 3697 1775 3746 dicitur
1808 3700 1869 3748 ob
1902 3701 2084 3748 vicinos
2106 3704 2411 3764 septemtrio-

422 3761 812 3872 3ιὲἒηῖῗέἧῖἶὲ
845 3760 1570 3888 „5022‘3¹¹303523¹²552>p0153¹2233;
1584 3761 1979 3888 ἶζῌιξλῧὲὲἷηῗ.
2004 3765 2221 3877 3222?ss
2241 3773 2415 3881 ⁸5²3?

563 3888 778 3938 Tardum
803 3890 856 3938 F.
883 3861 1303 3952 (1b1d5)0ccasum]
1343 3889 1446 3953 (F.)
1471 3890 1587 3951 Pgs.
1610 3907 1776 3940 occasu
1791 3893 2093 3941 ABEGb.--
2105 3894 2215 3943 on.
2400 3868 2414 3882 ’

491 3954 600 4018 140.
636 3952 911 4016 Proestanti)
945 3953 1074 4002 male
1109 3955 1220 4004 MS.
1255 3957 1540 4017 prestantis.
1610 3956 2193 4006 Gaor.—SCH.-—-At
2210 3959 2413 4022 placide

413 4017 686 4082 praestanti]
712 4019 918 4082 A(1·'..)P.
934 4019 1060 4082 (haec
1077 4019 1281 4082 placide)
1296 4038 1308 4076 ς
1325 4035 1382 4068 ac
1389 4019 1591 4082 placida
1598 4025 1845 4084 prestanti
1864 4023 1971 4086 gbs.
1990 4029 2043 4070 at
2052 4025 2255 4088 placide
2274 4040 2415 4089 proes·
