<?xml version="1.0" encoding="UTF-8"?>
<!DOCTYPE html PUBLIC "-//W3C//DTD XHTML 1.0 Transitional//EN"
    "http://www.w3.org/TR/xhtml1/DTD/xhtml1-transitional.dtd">
<html xmlns="http://www.w3.org/1999/xhtml" xml:lang="en" lang="en">
 <head>
  <title>
</title>
<meta http-equiv="Content-Type" content="text/html;charset=utf-8" />
  <meta name='ocr-system' content='tesseract 3.04.00' />
  <meta name='ocr-capabilities' content='ocr_page ocr_carea ocr_par ocr_line ocrx_word'/>
</head>
<body>
  <div class='ocr_page' id='page_1' title='image "./germanicicaesar00aratgoog_0024.png"; bbox 0 0 2992 4842; ppageno 0'>
   <div class='ocr_carea' id='block_1_1' title="bbox 646 545 1910 602">
    <p class='ocr_par' dir='ltr' id='par_1_1' title="bbox 646 545 1910 602">
     <span class='ocr_line' id='line_1_1' title="bbox 646 545 1910 602; baseline 0.004 -5"><span class='ocrx_word' id='word_1_1' title='bbox 646 545 739 598; x_wconf 85' lang='lat' dir='ltr'><strong>xvi</strong></span> <span class='ocrx_word' id='word_1_2' title='bbox 1378 563 1666 600; x_wconf 65' lang='lat' dir='ltr'><strong>nunni-io</strong></span> <span class='ocrx_word' id='word_1_3' title='bbox 1689 563 1910 602; x_wconf 78' lang='grc' dir='ltr'>οιιοτιι.</span> 
     </span>
    </p>
   </div>
   <div class='ocr_carea' id='block_1_2' title="bbox 614 687 2631 4064">
    <p class='ocr_par' dir='ltr' id='par_1_2' title="bbox 636 687 2631 1254">
     <span class='ocr_line' id='line_1_2' title="bbox 642 687 2630 763; baseline 0.002 -21"><span class='ocrx_word' id='word_1_4' title='bbox 642 706 763 742; x_wconf 74' lang='lat' dir='ltr'><strong>rum</strong></span> <span class='ocrx_word' id='word_1_5' title='bbox 782 699 962 742; x_wconf 74' lang='lat' dir='ltr'><strong>nocem</strong></span> <span class='ocrx_word' id='word_1_6' title='bbox 982 687 1211 754; x_wconf 76' lang='lat' dir='ltr'><strong>librarii,</strong></span> <span class='ocrx_word' id='word_1_7' title='bbox 1226 687 1389 744; x_wconf 81' lang='lat' dir='ltr'><strong>Arato</strong></span> <span class='ocrx_word' id='word_1_8' title='bbox 1411 688 1623 744; x_wconf 73' lang='lat' dir='ltr'><strong>librarii</strong></span> <span class='ocrx_word' id='word_1_9' title='bbox 1643 699 1692 744; x_wconf 78' lang='lat' dir='ltr'><strong>et</strong></span> <span class='ocrx_word' id='word_1_10' title='bbox 1709 692 1940 763; x_wconf 75' lang='lat' dir='ltr'><strong>pictores.</strong></span> <span class='ocrx_word' id='word_1_11' title='bbox 2015 689 2217 746; x_wconf 88' lang='lat' dir='ltr'><strong>Eadem</strong></span> <span class='ocrx_word' id='word_1_12' title='bbox 2251 691 2462 746; x_wconf 80' lang='lat' dir='ltr'><strong>fortuna</strong></span> <span class='ocrx_word' id='word_1_13' title='bbox 2491 691 2630 746; x_wconf 86' lang='lat' dir='ltr'><strong>Ger-</strong></span> 
     </span>
     <span class='ocr_line' id='line_1_3' title="bbox 642 758 2630 833; baseline 0.002 -21"><span class='ocrx_word' id='word_1_14' title='bbox 642 758 839 813; x_wconf 81' lang='lat' dir='ltr'><strong>manici</strong></span> <span class='ocrx_word' id='word_1_15' title='bbox 874 759 1021 829; x_wconf 86' lang='lat' dir='ltr'><strong>apud</strong></span> <span class='ocrx_word' id='word_1_16' title='bbox 1054 760 1288 826; x_wconf 80' lang='lat' dir='ltr'><strong>Latinos,</strong></span> <span class='ocrx_word' id='word_1_17' title='bbox 1327 777 1446 830; x_wconf 84' lang='lat' dir='ltr'><strong>quae</strong></span> <span class='ocrx_word' id='word_1_18' title='bbox 1481 762 1631 815; x_wconf 86' lang='lat' dir='ltr'><strong>Arati</strong></span> <span class='ocrx_word' id='word_1_19' title='bbox 1663 779 1698 815; x_wconf 89' lang='lat' dir='ltr'><strong>a</strong></span> <span class='ocrx_word' id='word_1_20' title='bbox 1733 761 1811 816; x_wconf 92' lang='lat' dir='ltr'><strong>ud</strong></span> <span class='ocrx_word' id='word_1_21' title='bbox 1845 761 2073 816; x_wconf 79' lang='lat' dir='ltr'><strong>Graecos.</strong></span> <span class='ocrx_word' id='word_1_22' title='bbox 2143 762 2338 816; x_wconf 86' lang='lat' dir='ltr'><strong>Videas</strong></span> <span class='ocrx_word' id='word_1_23' title='bbox 2358 763 2630 833; x_wconf 81' lang='lat' dir='ltr'><strong>vulgatam</strong></span> 
     </span>
     <span class='ocr_line' id='line_1_4' title="bbox 641 779 2631 902; baseline 0.003 -20"><span class='ocrx_word' id='word_1_24' title='bbox 641 830 923 884; x_wconf 88' lang='lat' dir='ltr'><strong>editionem</strong></span> <span class='ocrx_word' id='word_1_25' title='bbox 944 847 1065 899; x_wconf 78' lang='lat' dir='ltr'><strong>quae</strong></span> <span class='ocrx_word' id='word_1_26' title='bbox 1087 829 1437 902; x_wconf 78' lang='lat' dir='ltr'><strong>quadruplex,</strong></span> <span class='ocrx_word' id='word_1_27' title='bbox 1458 831 1672 898; x_wconf 81' lang='lat' dir='ltr'><strong>Aldina,</strong></span> <span class='ocrx_word' id='word_1_28' title='bbox 1696 779 2031 898; x_wconf 48' lang='lat' dir='ltr'><strong>{insiliensia</strong></span> <span class='ocrx_word' id='word_1_29' title='bbox 2054 832 2371 886; x_wconf 84' lang='lat' dir='ltr'><strong>Morelliana</strong></span> <span class='ocrx_word' id='word_1_30' title='bbox 2391 841 2444 886; x_wconf 91' lang='lat' dir='ltr'><strong>et</strong></span> <span class='ocrx_word' id='word_1_31' title='bbox 2465 833 2631 886; x_wconf 82' lang='lat' dir='ltr'><strong>Sanc-</strong></span> 
     </span>
     <span class='ocr_line' id='line_1_5' title="bbox 642 899 2627 971; baseline 0.002 -18"><span class='ocrx_word' id='word_1_32' title='bbox 642 899 946 967; x_wconf 73' lang='lat' dir='ltr'><strong>mdreana,</strong></span> <span class='ocrx_word' id='word_1_33' title='bbox 998 901 1137 955; x_wconf 85' lang='lat' dir='ltr'><strong>inter</strong></span> <span class='ocrx_word' id='word_1_34' title='bbox 1174 919 1307 971; x_wconf 83' lang='lat' dir='ltr'><strong>quas</strong></span> <span class='ocrx_word' id='word_1_35' title='bbox 1340 919 1522 956; x_wconf 88' lang='lat' dir='ltr'><strong>omnes</strong></span> <span class='ocrx_word' id='word_1_36' title='bbox 1575 904 1798 956; x_wconf 87' lang='lat' dir='ltr'><strong>minima</strong></span> <span class='ocrx_word' id='word_1_37' title='bbox 1828 910 1910 956; x_wconf 89' lang='lat' dir='ltr'><strong>est</strong></span> <span class='ocrx_word' id='word_1_38' title='bbox 1953 903 2264 957; x_wconf 83' lang='lat' dir='ltr'><strong>differentia.</strong></span> <span class='ocrx_word' id='word_1_39' title='bbox 2359 904 2450 956; x_wconf 92' lang='lat' dir='ltr'><strong>Dii</strong></span> <span class='ocrx_word' id='word_1_40' title='bbox 2485 905 2627 971; x_wconf 83' lang='lat' dir='ltr'><strong>boni,</strong></span> 
     </span>
     <span class='ocr_line' id='line_1_6' title="bbox 644 972 2626 1042; baseline 0.002 -18"><span class='ocrx_word' id='word_1_41' title='bbox 644 977 775 1040; x_wconf 87' lang='lat' dir='ltr'><strong>quot</strong></span> <span class='ocrx_word' id='word_1_42' title='bbox 794 972 851 1023; x_wconf 90' lang='lat' dir='ltr'><strong>in</strong></span> <span class='ocrx_word' id='word_1_43' title='bbox 872 989 936 1024; x_wconf 85' lang='lat' dir='ltr'><strong>ea</strong></span> <span class='ocrx_word' id='word_1_44' title='bbox 956 987 1137 1024; x_wconf 87' lang='lat' dir='ltr'><strong>versus</strong></span> <span class='ocrx_word' id='word_1_45' title='bbox 1157 973 1353 1038; x_wconf 88' lang='lat' dir='ltr'><strong>omissi,</strong></span> <span class='ocrx_word' id='word_1_46' title='bbox 1377 981 1510 1042; x_wconf 86' lang='lat' dir='ltr'><strong>quot</strong></span> <span class='ocrx_word' id='word_1_47' title='bbox 1529 975 1764 1026; x_wconf 85' lang='lat' dir='ltr'><strong>carmina</strong></span> <span class='ocrx_word' id='word_1_48' title='bbox 1783 974 1855 1027; x_wconf 70' lang='lat' dir='ltr'><strong>ita</strong></span> <span class='ocrx_word' id='word_1_49' title='bbox 1875 974 2062 1027; x_wconf 86' lang='lat' dir='ltr'><strong>misere</strong></span> <span class='ocrx_word' id='word_1_50' title='bbox 2083 974 2303 1040; x_wconf 80' lang='lat' dir='ltr'><strong>detorta,</strong></span> <span class='ocrx_word' id='word_1_51' title='bbox 2327 981 2396 1027; x_wconf 89' lang='lat' dir='ltr'><strong>ut</strong></span> <span class='ocrx_word' id='word_1_52' title='bbox 2411 974 2626 1028; x_wconf 87' lang='lat' dir='ltr'><strong>nullum</strong></span> 
     </span>
     <span class='ocr_line' id='line_1_7' title="bbox 638 1041 2629 1115; baseline 0.002 -21"><span class='ocrx_word' id='word_1_53' title='bbox 638 1049 854 1095; x_wconf 84' lang='lat' dir='ltr'><strong>maneat</strong></span> <span class='ocrx_word' id='word_1_54' title='bbox 872 1041 1102 1096; x_wconf 83' lang='lat' dir='ltr'><strong>veritatis</strong></span> <span class='ocrx_word' id='word_1_55' title='bbox 1122 1043 1433 1112; x_wconf 83' lang='lat' dir='ltr'><strong>vestigium!</strong></span> <span class='ocrx_word' id='word_1_56' title='bbox 1507 1041 1820 1098; x_wconf 83' lang='lat' dir='ltr'><strong>omissionis</strong></span> <span class='ocrx_word' id='word_1_57' title='bbox 1841 1061 2018 1110; x_wconf 77' lang='lat' dir='ltr'><strong>causa,</strong></span> <span class='ocrx_word' id='word_1_58' title='bbox 2089 1044 2198 1097; x_wconf 87' lang='lat' dir='ltr'><strong>uod</strong></span> <span class='ocrx_word' id='word_1_59' title='bbox 2227 1061 2440 1115; x_wconf 85' lang='lat' dir='ltr'><strong>paucos,</strong></span> <span class='ocrx_word' id='word_1_60' title='bbox 2475 1044 2629 1097; x_wconf 84' lang='lat' dir='ltr'><strong>nulla</strong></span> 
     </span>
     <span class='ocr_line' id='line_1_8' title="bbox 639 1112 2627 1184; baseline 0.001 -19"><span class='ocrx_word' id='word_1_61' title='bbox 639 1128 776 1181; x_wconf 78' lang='lat' dir='ltr'><strong>saepe</strong></span> <span class='ocrx_word' id='word_1_62' title='bbox 810 1114 1084 1178; x_wconf 86' lang='lat' dir='ltr'><strong>sententia,</strong></span> <span class='ocrx_word' id='word_1_63' title='bbox 1117 1129 1297 1166; x_wconf 89' lang='lat' dir='ltr'><strong>versus</strong></span> <span class='ocrx_word' id='word_1_64' title='bbox 1330 1112 1622 1182; x_wconf 81' lang='lat' dir='ltr'><strong>deligerent</strong></span> <span class='ocrx_word' id='word_1_65' title='bbox 1653 1114 1976 1184; x_wconf 83' lang='lat' dir='ltr'><strong>imaginibus</strong></span> <span class='ocrx_word' id='word_1_66' title='bbox 2008 1132 2042 1168; x_wconf 89' lang='lat' dir='ltr'><strong>a</strong></span> <span class='ocrx_word' id='word_1_67' title='bbox 2135 1114 2406 1168; x_wconf 85' lang='lat' dir='ltr'><strong>ribendos:</strong></span> <span class='ocrx_word' id='word_1_68' title='bbox 2457 1114 2627 1167; x_wconf 90' lang='lat' dir='ltr'><strong>detor-</strong></span> 
     </span>
     <span class='ocr_line' id='line_1_9' title="bbox 636 1182 2625 1254; baseline 0.001 -18"><span class='ocrx_word' id='word_1_69' title='bbox 636 1182 812 1248; x_wconf 87' lang='lat' dir='ltr'><strong>tionis,</strong></span> <span class='ocrx_word' id='word_1_70' title='bbox 849 1183 1111 1253; x_wconf 87' lang='lat' dir='ltr'><strong>pictorum</strong></span> <span class='ocrx_word' id='word_1_71' title='bbox 1130 1183 1205 1236; x_wconf 89' lang='lat' dir='ltr'><strong>im</strong></span> <span class='ocrx_word' id='word_1_72' title='bbox 1298 1182 1407 1250; x_wconf 58' lang='grc' dir='ltr'><strong>Ἧι,</strong></span> <span class='ocrx_word' id='word_1_73' title='bbox 1440 1191 1495 1237; x_wconf 86' lang='lat' dir='ltr'><strong>et</strong></span> <span class='ocrx_word' id='word_1_74' title='bbox 1526 1186 1695 1254; x_wconf 89' lang='lat' dir='ltr'><strong>operis</strong></span> <span class='ocrx_word' id='word_1_75' title='bbox 1729 1185 1896 1254; x_wconf 87' lang='lat' dir='ltr'><strong>ipsius</strong></span> <span class='ocrx_word' id='word_1_76' title='bbox 1929 1192 2242 1250; x_wconf 72' lang='lat' dir='ltr'><strong>contemtus,</strong></span> <span class='ocrx_word' id='word_1_77' title='bbox 2277 1186 2408 1254; x_wconf 88' lang='lat' dir='ltr'><strong>quia</strong></span> <span class='ocrx_word' id='word_1_78' title='bbox 2427 1183 2544 1254; x_wconf 85' lang='lat' dir='ltr'><strong>jam</strong></span> <span class='ocrx_word' id='word_1_79' title='bbox 2567 1186 2625 1237; x_wconf 92' lang='lat' dir='ltr'><strong>in</strong></span> 
     </span>
    </p>

    <p class='ocr_par' dir='ltr' id='par_1_3' title="bbox 626 1252 2624 2223">
     <span class='ocr_line' id='line_1_10' title="bbox 900 1252 2622 1325; baseline 0.002 -20"><span class='ocrx_word' id='word_1_80' title='bbox 900 1253 1115 1306; x_wconf 86' lang='lat' dir='ltr'><strong>abierat.</strong></span> <span class='ocrx_word' id='word_1_81' title='bbox 1247 1253 1392 1306; x_wconf 81' lang='lat' dir='ltr'><strong>ideas</strong></span> <span class='ocrx_word' id='word_1_82' title='bbox 1422 1252 1868 1325; x_wconf 78' lang='lat' dir='ltr'><strong>Manuscriptum,</strong></span> <span class='ocrx_word' id='word_1_83' title='bbox 1905 1272 2065 1324; x_wconf 90' lang='lat' dir='ltr'><strong>quem</strong></span> <span class='ocrx_word' id='word_1_84' title='bbox 2104 1272 2138 1308; x_wconf 90' lang='lat' dir='ltr'><strong>a</strong></span> <span class='ocrx_word' id='word_1_85' title='bbox 2175 1257 2287 1308; x_wconf 90' lang='lat' dir='ltr'><strong>viro</strong></span> <span class='ocrx_word' id='word_1_86' title='bbox 2327 1254 2463 1307; x_wconf 90' lang='lat' dir='ltr'><strong>Nob.</strong></span> <span class='ocrx_word' id='word_1_87' title='bbox 2504 1255 2540 1307; x_wconf 90' lang='lat' dir='ltr'><strong>J</strong></span> <span class='ocrx_word' id='word_1_88' title='bbox 2543 1272 2622 1308; x_wconf 88' lang='lat' dir='ltr'><strong>ac.</strong></span> 
     </span>
     <span class='ocr_line' id='line_1_11' title="bbox 636 1322 2624 1396; baseline 0.001 -19"><span class='ocrx_word' id='word_1_89' title='bbox 636 1322 793 1377; x_wconf 92' lang='lat' dir='ltr'><strong>Susio</strong></span> <span class='ocrx_word' id='word_1_90' title='bbox 812 1322 1106 1393; x_wconf 79' lang='lat' dir='ltr'><strong>profectum</strong></span> <span class='ocrx_word' id='word_1_91' title='bbox 1120 1323 1358 1393; x_wconf 87' lang='lat' dir='ltr'><strong>ejusdem</strong></span> <span class='ocrx_word' id='word_1_92' title='bbox 1376 1323 1688 1390; x_wconf 77' lang='lat' dir='ltr'><strong>haeredibus‚</strong></span> <span class='ocrx_word' id='word_1_93' title='bbox 1709 1342 1805 1379; x_wconf 89' lang='lat' dir='ltr'><strong>nec</strong></span> <span class='ocrx_word' id='word_1_94' title='bbox 1819 1340 1925 1378; x_wconf 91' lang='lat' dir='ltr'><strong>non</strong></span> <span class='ocrx_word' id='word_1_95' title='bbox 1943 1342 2190 1396; x_wconf 87' lang='lat' dir='ltr'><strong>generoso</strong></span> <span class='ocrx_word' id='word_1_96' title='bbox 2205 1332 2260 1378; x_wconf 92' lang='lat' dir='ltr'><strong>et</strong></span> <span class='ocrx_word' id='word_1_97' title='bbox 2273 1325 2624 1379; x_wconf 85' lang='lat' dir='ltr'><strong>eruditissimo</strong></span> 
     </span>
     <span class='ocr_line' id='line_1_12' title="bbox 635 1393 2622 1466; baseline 0.001 -20"><span class='ocrx_word' id='word_1_98' title='bbox 635 1394 746 1446; x_wconf 86' lang='lat' dir='ltr'><strong>viro</strong></span> <span class='ocrx_word' id='word_1_99' title='bbox 769 1395 839 1447; x_wconf 89' lang='lat' dir='ltr'><strong>D.</strong></span> <span class='ocrx_word' id='word_1_100' title='bbox 861 1393 900 1446; x_wconf 88' lang='lat' dir='ltr'><strong>J</strong></span> <span class='ocrx_word' id='word_1_101' title='bbox 900 1410 1004 1447; x_wconf 90' lang='lat' dir='ltr'><strong>ano</strong></span> <span class='ocrx_word' id='word_1_102' title='bbox 1026 1393 1240 1461; x_wconf 78' lang='lat' dir='ltr'><strong>Dousae,</strong></span> <span class='ocrx_word' id='word_1_103' title='bbox 1260 1395 1419 1464; x_wconf 89' lang='lat' dir='ltr'><strong>cujus</strong></span> <span class='ocrx_word' id='word_1_104' title='bbox 1440 1411 1598 1465; x_wconf 89' lang='lat' dir='ltr'><strong>opera</strong></span> <span class='ocrx_word' id='word_1_105' title='bbox 1617 1395 1749 1449; x_wconf 90' lang='lat' dir='ltr'><strong>liber</strong></span> <span class='ocrx_word' id='word_1_106' title='bbox 1767 1395 1858 1449; x_wconf 90' lang='lat' dir='ltr'><strong>ille</strong></span> <span class='ocrx_word' id='word_1_107' title='bbox 1879 1396 1949 1448; x_wconf 87' lang='lat' dir='ltr'><strong>ad</strong></span> <span class='ocrx_word' id='word_1_108' title='bbox 1969 1413 2055 1448; x_wconf 91' lang='lat' dir='ltr'><strong>me</strong></span> <span class='ocrx_word' id='word_1_109' title='bbox 2074 1397 2325 1466; x_wconf 87' lang='lat' dir='ltr'><strong>pervenit,</strong></span> <span class='ocrx_word' id='word_1_110' title='bbox 2347 1403 2622 1466; x_wconf 84' lang='lat' dir='ltr'><strong>acceptum</strong></span> 
     </span>
     <span class='ocr_line' id='line_1_13' title="bbox 633 1462 2621 1536; baseline 0.001 -20"><span class='ocrx_word' id='word_1_111' title='bbox 633 1462 775 1518; x_wconf 83' lang='lat' dir='ltr'><strong>fero:</strong></span> <span class='ocrx_word' id='word_1_112' title='bbox 809 1465 1078 1518; x_wconf 76' lang='lat' dir='ltr'><strong>miraberis</strong></span> <span class='ocrx_word' id='word_1_113' title='bbox 1100 1464 1315 1534; x_wconf 91' lang='lat' dir='ltr'><strong>quidem</strong></span> <span class='ocrx_word' id='word_1_114' title='bbox 1336 1465 1724 1534; x_wconf 77' lang='lat' dir='ltr'><strong>antiquitatem,</strong></span> <span class='ocrx_word' id='word_1_115' title='bbox 1745 1465 1837 1519; x_wconf 88' lang='lat' dir='ltr'><strong>sed</strong></span> <span class='ocrx_word' id='word_1_116' title='bbox 1849 1465 2048 1520; x_wconf 87' lang='lat' dir='ltr'><strong>videbis</strong></span> <span class='ocrx_word' id='word_1_117' title='bbox 2063 1466 2392 1536; x_wconf 84' lang='lat' dir='ltr'><strong>turpissimos</strong></span> <span class='ocrx_word' id='word_1_118' title='bbox 2411 1482 2621 1532; x_wconf 87' lang='lat' dir='ltr'><strong>errores,</strong></span> 
     </span>
     <span class='ocr_line' id='line_1_14' title="bbox 632 1533 2621 1607; baseline 0.001 -19"><span class='ocrx_word' id='word_1_119' title='bbox 632 1533 743 1588; x_wconf 90' lang='lat' dir='ltr'><strong>imo</strong></span> <span class='ocrx_word' id='word_1_120' title='bbox 776 1552 912 1605; x_wconf 75' lang='lat' dir='ltr'><strong>saepe</strong></span> <span class='ocrx_word' id='word_1_121' title='bbox 946 1535 1079 1589; x_wconf 74' lang='lat' dir='ltr'><strong>tales</strong></span> <span class='ocrx_word' id='word_1_122' title='bbox 1098 1535 1157 1588; x_wconf 92' lang='lat' dir='ltr'><strong>in</strong></span> <span class='ocrx_word' id='word_1_123' title='bbox 1266 1535 1385 1588; x_wconf 84' lang='lat' dir='ltr'><strong>&#39;bus</strong></span> <span class='ocrx_word' id='word_1_124' title='bbox 1414 1535 1676 1589; x_wconf 87' lang='lat' dir='ltr'><strong>solvendis</strong></span> <span class='ocrx_word' id='word_1_125' title='bbox 1698 1553 1804 1588; x_wconf 90' lang='lat' dir='ltr'><strong>non</strong></span> <span class='ocrx_word' id='word_1_126' title='bbox 1825 1553 2016 1607; x_wconf 87' lang='lat' dir='ltr'><strong>parum</strong></span> <span class='ocrx_word' id='word_1_127' title='bbox 2036 1536 2309 1589; x_wconf 87' lang='lat' dir='ltr'><strong>laborabis.</strong></span> <span class='ocrx_word' id='word_1_128' title='bbox 2381 1535 2621 1605; x_wconf 77' lang='lat' dir='ltr'><strong>Scriptus</strong></span> 
     </span>
     <span class='ocr_line' id='line_1_15' title="bbox 629 1605 2620 1676; baseline 0.001 -18"><span class='ocrx_word' id='word_1_129' title='bbox 629 1605 722 1658; x_wconf 90' lang='lat' dir='ltr'><strong>ille</strong></span> <span class='ocrx_word' id='word_1_130' title='bbox 743 1622 849 1658; x_wconf 89' lang='lat' dir='ltr'><strong>non</strong></span> <span class='ocrx_word' id='word_1_131' title='bbox 868 1605 1022 1660; x_wconf 84' lang='lat' dir='ltr'><strong>litera</strong></span> <span class='ocrx_word' id='word_1_132' title='bbox 1043 1611 1199 1658; x_wconf 91' lang='lat' dir='ltr'><strong>rotun</strong></span> <span class='ocrx_word' id='word_1_133' title='bbox 1290 1605 1572 1659; x_wconf 81' lang='lat' dir='ltr'><strong>Monachis</strong></span> <span class='ocrx_word' id='word_1_134' title='bbox 1593 1607 1802 1672; x_wconf 88' lang='lat' dir='ltr'><strong>usitata,</strong></span> <span class='ocrx_word' id='word_1_135' title='bbox 1825 1623 1934 1676; x_wconf 84' lang='lat' dir='ltr'><strong>qua</strong></span> <span class='ocrx_word' id='word_1_136' title='bbox 1949 1606 2152 1660; x_wconf 81' lang='lat' dir='ltr'><strong>codices</strong></span> <span class='ocrx_word' id='word_1_137' title='bbox 2165 1607 2257 1659; x_wconf 87' lang='lat' dir='ltr'><strong>alii</strong></span> <span class='ocrx_word' id='word_1_138' title='bbox 2278 1607 2542 1660; x_wconf 78' lang='lat' dir='ltr'><strong>manuscri</strong></span> <span class='ocrx_word' id='word_1_139' title='bbox 2579 1607 2620 1659; x_wconf 90' lang='lat' dir='ltr'><strong>ti</strong></span> 
     </span>
     <span class='ocr_line' id='line_1_16' title="bbox 630 1676 2619 1746; baseline 0.001 -18"><span class='ocrx_word' id='word_1_140' title='bbox 630 1676 864 1730; x_wconf 78' lang='lat' dir='ltr'><strong>minimae</strong></span> <span class='ocrx_word' id='word_1_141' title='bbox 884 1677 1218 1745; x_wconf 77' lang='lat' dir='ltr'><strong>antiquitatis</strong></span> <span class='ocrx_word' id='word_1_142' title='bbox 1240 1684 1367 1730; x_wconf 79' lang='lat' dir='ltr'><strong>sunt</strong></span> <span class='ocrx_word' id='word_1_143' title='bbox 1386 1676 1618 1743; x_wconf 81' lang='lat' dir='ltr'><strong>exarati3</strong></span> <span class='ocrx_word' id='word_1_144' title='bbox 1639 1693 1748 1729; x_wconf 89' lang='lat' dir='ltr'><strong>non</strong></span> <span class='ocrx_word' id='word_1_145' title='bbox 1771 1676 2182 1746; x_wconf 68' lang='lat' dir='ltr'><strong>Langobardioa,</strong></span> <span class='ocrx_word' id='word_1_146' title='bbox 2204 1693 2315 1746; x_wconf 87' lang='lat' dir='ltr'><strong>qua</strong></span> <span class='ocrx_word' id='word_1_147' title='bbox 2329 1677 2490 1729; x_wconf 86' lang='lat' dir='ltr'><strong>aliim</strong></span> <span class='ocrx_word' id='word_1_148' title='bbox 2557 1677 2619 1730; x_wconf 81' lang='lat' dir='ltr'><strong>‘ae</strong></span> 
     </span>
     <span class='ocr_line' id='line_1_17' title="bbox 629 1746 2619 1830; baseline 0 -30"><span class='ocrx_word' id='word_1_149' title='bbox 629 1747 934 1814; x_wconf 79' lang='lat' dir='ltr'><strong>vemstatis3</strong></span> <span class='ocrx_word' id='word_1_150' title='bbox 968 1746 1063 1800; x_wconf 88' lang='lat' dir='ltr'><strong>sed</strong></span> <span class='ocrx_word' id='word_1_151' title='bbox 1098 1746 1251 1800; x_wconf 83' lang='lat' dir='ltr'><strong>litera</strong></span> <span class='ocrx_word' id='word_1_152' title='bbox 1283 1763 1516 1812; x_wconf 84' lang='lat' dir='ltr'><strong>romana,</strong></span> <span class='ocrx_word' id='word_1_153' title='bbox 1555 1763 1717 1816; x_wconf 86' lang='lat' dir='ltr'><strong>quam</strong></span> <span class='ocrx_word' id='word_1_154' title='bbox 1762 1747 2040 1830; x_wconf 72' lang='lat' dir='ltr'><strong>capitalem</strong></span> <span class='ocrx_word' id='word_1_155' title='bbox 2081 1755 2285 1814; x_wconf 87' lang='lat' dir='ltr'><strong>vocant,</strong></span> <span class='ocrx_word' id='word_1_156' title='bbox 2328 1747 2619 1800; x_wconf 84' lang='lat' dir='ltr'><strong>multorum</strong></span> 
     </span>
     <span class='ocr_line' id='line_1_18' title="bbox 630 1815 2618 1872; baseline -0.002 0"><span class='ocrx_word' id='word_1_157' title='bbox 630 1818 946 1872; x_wconf 80' lang='lat' dir='ltr'><strong>saeculorum</strong></span> <span class='ocrx_word' id='word_1_158' title='bbox 1000 1815 1171 1871; x_wconf 79' lang='lat' dir='ltr'><strong>raefert</strong></span> <span class='ocrx_word' id='word_1_159' title='bbox 1190 1819 1572 1872; x_wconf 85' lang='lat' dir='ltr'><strong>auctoritatem.</strong></span> <span class='ocrx_word' id='word_1_160' title='bbox 1644 1817 1756 1870; x_wconf 88' lang='lat' dir='ltr'><strong>Scri</strong></span> <span class='ocrx_word' id='word_1_161' title='bbox 1793 1825 1836 1871; x_wconf 82' lang='lat' dir='ltr'><strong>ti</strong></span> <span class='ocrx_word' id='word_1_162' title='bbox 1858 1817 1913 1870; x_wconf 91' lang='lat' dir='ltr'><strong>in</strong></span> <span class='ocrx_word' id='word_1_163' title='bbox 1937 1834 1999 1870; x_wconf 90' lang='lat' dir='ltr'><strong>eo</strong></span> <span class='ocrx_word' id='word_1_164' title='bbox 2021 1825 2148 1870; x_wconf 90' lang='lat' dir='ltr'><strong>sunt</strong></span> <span class='ocrx_word' id='word_1_165' title='bbox 2168 1833 2348 1870; x_wconf 88' lang='lat' dir='ltr'><strong>versus</strong></span> <span class='ocrx_word' id='word_1_166' title='bbox 2369 1834 2478 1869; x_wconf 91' lang='lat' dir='ltr'><strong>non</strong></span> <span class='ocrx_word' id='word_1_167' title='bbox 2495 1833 2618 1869; x_wconf 88' lang='lat' dir='ltr'><strong>con-</strong></span> 
     </span>
     <span class='ocr_line' id='line_1_19' title="bbox 628 1886 2619 1958; baseline -0.001 -17"><span class='ocrx_word' id='word_1_168' title='bbox 628 1887 873 1958; x_wconf 86' lang='lat' dir='ltr'><strong>junctim,</strong></span> <span class='ocrx_word' id='word_1_169' title='bbox 1022 1887 1312 1956; x_wconf 81' lang='lat' dir='ltr'><strong>dispersim,</strong></span> <span class='ocrx_word' id='word_1_170' title='bbox 1345 1895 1400 1941; x_wconf 92' lang='lat' dir='ltr'><strong>et</strong></span> <span class='ocrx_word' id='word_1_171' title='bbox 1418 1889 1499 1940; x_wconf 89' lang='lat' dir='ltr'><strong>ita</strong></span> <span class='ocrx_word' id='word_1_172' title='bbox 1519 1895 1584 1942; x_wconf 91' lang='lat' dir='ltr'><strong>ut</strong></span> <span class='ocrx_word' id='word_1_173' title='bbox 1631 1889 1643 1900; x_wconf 92' lang='grc'><em>“</em></span> <span class='ocrx_word' id='word_1_174' title='bbox 1783 1889 1828 1940; x_wconf 90' lang='lat' dir='ltr'><strong>is</strong></span> <span class='ocrx_word' id='word_1_175' title='bbox 1847 1888 2054 1958; x_wconf 76' lang='lat' dir='ltr'><strong>paginis</strong></span> <span class='ocrx_word' id='word_1_176' title='bbox 2077 1888 2319 1956; x_wconf 82' lang='lat' dir='ltr'><strong>quaterni</strong></span> <span class='ocrx_word' id='word_1_177' title='bbox 2339 1886 2502 1940; x_wconf 87' lang='lat' dir='ltr'><strong>ferme</strong></span> <span class='ocrx_word' id='word_1_178' title='bbox 2521 1893 2619 1940; x_wconf 83' lang='lat' dir='ltr'><strong>aut</strong></span> 
     </span>
     <span class='ocr_line' id='line_1_20' title="bbox 631 1957 2616 2028; baseline -0.002 -16"><span class='ocrx_word' id='word_1_179' title='bbox 631 1959 783 2028; x_wconf 88' lang='lat' dir='ltr'><strong>quini</strong></span> <span class='ocrx_word' id='word_1_180' title='bbox 803 1966 1015 2012; x_wconf 80' lang='lat' dir='ltr'><strong>tantum</strong></span> <span class='ocrx_word' id='word_1_181' title='bbox 1036 1958 1470 2012; x_wconf 84' lang='lat' dir='ltr'><strong>inscriberentur:</strong></span> <span class='ocrx_word' id='word_1_182' title='bbox 1511 1975 1631 2026; x_wconf 78' lang='lat' dir='ltr'><strong>quae</strong></span> <span class='ocrx_word' id='word_1_183' title='bbox 1659 1957 1766 2011; x_wconf 87' lang='lat' dir='ltr'><strong>fuit</strong></span> <span class='ocrx_word' id='word_1_184' title='bbox 1784 1959 2002 2024; x_wconf 85' lang='lat' dir='ltr'><strong>occasio,</strong></span> <span class='ocrx_word' id='word_1_185' title='bbox 2038 1965 2100 2011; x_wconf 90' lang='lat' dir='ltr'><strong>ut</strong></span> <span class='ocrx_word' id='word_1_186' title='bbox 2134 1964 2314 2028; x_wconf 86' lang='lat' dir='ltr'><strong>postea</strong></span> <span class='ocrx_word' id='word_1_187' title='bbox 2347 1974 2474 2010; x_wconf 93' lang='lat' dir='ltr'><strong>cum</strong></span> <span class='ocrx_word' id='word_1_188' title='bbox 2499 1957 2616 2025; x_wconf 88' lang='lat' dir='ltr'><strong>jam</strong></span> 
     </span>
     <span class='ocr_line' id='line_1_21' title="bbox 630 2027 2615 2098; baseline -0.002 -15"><span class='ocrx_word' id='word_1_189' title='bbox 630 2047 761 2083; x_wconf 88' lang='lat' dir='ltr'><strong>usus</strong></span> <span class='ocrx_word' id='word_1_190' title='bbox 796 2036 849 2082; x_wconf 90' lang='lat' dir='ltr'><strong>et</strong></span> <span class='ocrx_word' id='word_1_191' title='bbox 882 2028 1112 2098; x_wconf 79' lang='lat' dir='ltr'><strong>cognitio</strong></span> <span class='ocrx_word' id='word_1_192' title='bbox 1144 2027 1413 2082; x_wconf 88' lang='lat' dir='ltr'><strong>literarum</strong></span> <span class='ocrx_word' id='word_1_193' title='bbox 1450 2027 1826 2098; x_wconf 87' lang='lat' dir='ltr'><strong>quadratamm</strong></span> <span class='ocrx_word' id='word_1_194' title='bbox 1849 2028 2170 2094; x_wconf 84' lang='lat' dir='ltr'><strong>exolevisset,</strong></span> <span class='ocrx_word' id='word_1_195' title='bbox 2191 2027 2330 2080; x_wconf 88' lang='lat' dir='ltr'><strong>alius</strong></span> <span class='ocrx_word' id='word_1_196' title='bbox 2353 2027 2474 2097; x_wconf 89' lang='lat' dir='ltr'><strong>quis</strong></span> <span class='ocrx_word' id='word_1_197' title='bbox 2509 2028 2615 2079; x_wconf 82' lang='lat' dir='ltr'><strong>iam</strong></span> 
     </span>
     <span class='ocr_line' id='line_1_22' title="bbox 626 2097 2616 2223; baseline -0.002 -70"><span class='ocrx_word' id='word_1_198' title='bbox 626 2100 798 2223; x_wconf 55' lang='lat' dir='ltr'><strong>{patio</strong></span> <span class='ocrx_word' id='word_1_199' title='bbox 826 2097 1283 2221; x_wconf 49' lang='lat' dir='ltr'><strong>vacqnteHeosdem</strong></span> <span class='ocrx_word' id='word_1_200' title='bbox 1304 2115 1485 2222; x_wconf 50' lang='lat' dir='ltr'><strong>versut}</strong></span> <span class='ocrx_word' id='word_1_201' title='bbox 1517 2097 1667 2151; x_wconf 89' lang='lat' dir='ltr'><strong>nulla</strong></span> <span class='ocrx_word' id='word_1_202' title='bbox 1687 2099 1978 2182; x_wconf 71' lang='lat' dir='ltr'><strong>mutatione</strong></span> <span class='ocrx_word' id='word_1_203' title='bbox 2014 2097 2616 2222; x_wconf 48' lang='lat' dir='ltr'><strong>literiperraoqacdin‘lbiffi</strong></span> 
     </span>
    </p>

    <p class='ocr_par' dir='ltr' id='par_1_4' title="bbox 663 2176 2381 2238">
     <span class='ocr_line' id='line_1_23' title="bbox 663 2176 2381 2238; baseline -0.002 -14"><span class='ocrx_word' id='word_1_204' title='bbox 663 2187 793 2224; x_wconf 86' lang='lat' dir='ltr'><strong>esen</strong></span> <span class='ocrx_word' id='word_1_205' title='bbox 830 2186 927 2222; x_wconf 85' lang='lat' dir='ltr'><strong>sen</strong></span> <span class='ocrx_word' id='word_1_206' title='bbox 954 2208 966 2220; x_wconf 91' lang='lat'>.</span> <span class='ocrx_word' id='word_1_207' title='bbox 1090 2185 1142 2220; x_wconf 78' lang='lat' dir='ltr'><strong>ie</strong></span> <span class='ocrx_word' id='word_1_208' title='bbox 1163 2176 1321 2222; x_wconf 79' lang='lat' dir='ltr'><strong>enam</strong></span> <span class='ocrx_word' id='word_1_209' title='bbox 1344 2185 1443 2221; x_wconf 90' lang='lat' dir='ltr'><strong>con</strong></span> <span class='ocrx_word' id='word_1_210' title='bbox 1486 2185 1597 2221; x_wconf 89' lang='lat' dir='ltr'><strong>nua</strong></span> <span class='ocrx_word' id='word_1_211' title='bbox 1617 2185 1772 2222; x_wconf 85' lang='lat' dir='ltr'><strong>senes</strong></span> <span class='ocrx_word' id='word_1_212' title='bbox 1783 2185 2079 2238; x_wconf 81' lang='lat' dir='ltr'><strong>imag-mum</strong></span> <span class='ocrx_word' id='word_1_213' title='bbox 2093 2185 2150 2220; x_wconf 88' lang='lat' dir='ltr'><strong>m</strong></span> <span class='ocrx_word' id='word_1_214' title='bbox 2281 2186 2320 2220; x_wconf 88' lang='lat' dir='ltr'>x</span> <span class='ocrx_word' id='word_1_215' title='bbox 2342 2186 2381 2221; x_wconf 93' lang='lat' dir='ltr'><strong>u</strong></span> 
     </span>
    </p>

    <p class='ocr_par' dir='ltr' id='par_1_5' title="bbox 614 2185 2614 4064">
     <span class='ocr_line' id='line_1_24' title="bbox 626 2185 2614 2310; baseline -0.002 -16"><span class='ocrx_word' id='word_1_216' title='bbox 626 2187 919 2310; x_wconf 53' lang='lat' dir='ltr'><strong>trajecfioni</strong></span> <span class='ocrx_word' id='word_1_217' title='bbox 957 2239 1135 2292; x_wconf 89' lang='lat' dir='ltr'><strong>locum</strong></span> <span class='ocrx_word' id='word_1_218' title='bbox 1174 2238 1335 2305; x_wconf 87' lang='lat' dir='ltr'><strong>dedit,</strong></span> <span class='ocrx_word' id='word_1_219' title='bbox 1374 2256 1537 2308; x_wconf 85' lang='lat' dir='ltr'><strong>quam</strong></span> <span class='ocrx_word' id='word_1_220' title='bbox 1572 2239 1628 2291; x_wconf 91' lang='lat' dir='ltr'><strong>in</strong></span> <span class='ocrx_word' id='word_1_221' title='bbox 1664 2239 1802 2292; x_wconf 91' lang='lat' dir='ltr'><strong>notis</strong></span> <span class='ocrx_word' id='word_1_222' title='bbox 1835 2239 2025 2291; x_wconf 89' lang='lat' dir='ltr'><strong>nostris</strong></span> <span class='ocrx_word' id='word_1_223' title='bbox 2058 2237 2422 2292; x_wconf 78' lang='lat' dir='ltr'><strong>indicabimus,</strong></span> <span class='ocrx_word' id='word_1_224' title='bbox 2494 2185 2614 2290; x_wconf 53' lang='grc' dir='ltr'>Ιξιιο</span> 
     </span>
     <span class='ocr_line' id='line_1_25' title="bbox 627 2307 2614 2375; baseline -0.002 -11"><span class='ocrx_word' id='word_1_225' title='bbox 627 2311 785 2364; x_wconf 86' lang='lat' dir='ltr'><strong>etiam</strong></span> <span class='ocrx_word' id='word_1_226' title='bbox 806 2326 931 2363; x_wconf 87' lang='lat' dir='ltr'><strong>cum</strong></span> <span class='ocrx_word' id='word_1_227' title='bbox 952 2310 1009 2362; x_wconf 91' lang='lat' dir='ltr'><strong>in</strong></span> <span class='ocrx_word' id='word_1_228' title='bbox 1033 2309 1272 2362; x_wconf 86' lang='lat' dir='ltr'><strong>Geminis</strong></span> <span class='ocrx_word' id='word_1_229' title='bbox 1292 2317 1345 2362; x_wconf 92' lang='lat' dir='ltr'><strong>et</strong></span> <span class='ocrx_word' id='word_1_230' title='bbox 1366 2310 1572 2363; x_wconf 86' lang='lat' dir='ltr'><strong>Cancro</strong></span> <span class='ocrx_word' id='word_1_231' title='bbox 1593 2307 1776 2363; x_wconf 84' lang='lat' dir='ltr'><strong>fabula</strong></span> <span class='ocrx_word' id='word_1_232' title='bbox 1797 2309 2010 2375; x_wconf 65' lang='lat' dir='ltr'><strong>deesset,</strong></span> <span class='ocrx_word' id='word_1_233' title='bbox 2031 2309 2267 2361; x_wconf 90' lang='lat' dir='ltr'><strong>homines</strong></span> <span class='ocrx_word' id='word_1_234' title='bbox 2285 2308 2476 2362; x_wconf 87' lang='lat' dir='ltr'><strong>insulsi</strong></span> <span class='ocrx_word' id='word_1_235' title='bbox 2497 2325 2614 2361; x_wconf 83' lang='lat' dir='ltr'><strong>eam</strong></span> 
     </span>
     <span class='ocr_line' id='line_1_26' title="bbox 626 2377 2612 2448; baseline -0.002 -14"><span class='ocrx_word' id='word_1_236' title='bbox 626 2399 696 2434; x_wconf 83' lang='lat' dir='ltr'><strong>ex</strong></span> <span class='ocrx_word' id='word_1_237' title='bbox 728 2381 929 2433; x_wconf 86' lang='lat' dir='ltr'><strong>Avieno</strong></span> <span class='ocrx_word' id='word_1_238' title='bbox 962 2378 1341 2433; x_wconf 76' lang='lat' dir='ltr'><strong>emendicatam</strong></span> <span class='ocrx_word' id='word_1_239' title='bbox 1378 2379 1694 2432; x_wconf 85' lang='lat' dir='ltr'><strong>Germanico</strong></span> <span class='ocrx_word' id='word_1_240' title='bbox 1715 2380 2053 2446; x_wconf 71' lang='lat' dir='ltr'><strong>inseruerent,</strong></span> <span class='ocrx_word' id='word_1_241' title='bbox 2075 2396 2142 2432; x_wconf 90' lang='lat' dir='ltr'><strong>ne</strong></span> <span class='ocrx_word' id='word_1_242' title='bbox 2166 2379 2296 2448; x_wconf 91' lang='lat' dir='ltr'><strong>quid</strong></span> <span class='ocrx_word' id='word_1_243' title='bbox 2320 2378 2518 2432; x_wconf 63' lang='lat' dir='ltr'><strong>deesset</strong></span> <span class='ocrx_word' id='word_1_244' title='bbox 2541 2377 2612 2431; x_wconf 85' lang='lat' dir='ltr'><strong>ad</strong></span> 
     </span>
     <span class='ocr_line' id='line_1_27' title="bbox 626 2449 2612 2519; baseline -0.001 -16"><span class='ocrx_word' id='word_1_245' title='bbox 626 2458 915 2504; x_wconf 87' lang='lat' dir='ltr'><strong>extremam</strong></span> <span class='ocrx_word' id='word_1_246' title='bbox 951 2449 1281 2502; x_wconf 74' lang='lat' dir='ltr'><strong>dementiam.</strong></span> <span class='ocrx_word' id='word_1_247' title='bbox 1373 2451 1461 2503; x_wconf 87' lang='lat' dir='ltr'><strong>Ita</strong></span> <span class='ocrx_word' id='word_1_248' title='bbox 1499 2450 1579 2502; x_wconf 89' lang='lat' dir='ltr'><strong>illi</strong></span> <span class='ocrx_word' id='word_1_249' title='bbox 1619 2449 1750 2502; x_wconf 92' lang='lat' dir='ltr'><strong>dum</strong></span> <span class='ocrx_word' id='word_1_250' title='bbox 1789 2450 2109 2519; x_wconf 83' lang='lat' dir='ltr'><strong>imaginibus</strong></span> <span class='ocrx_word' id='word_1_251' title='bbox 2153 2449 2264 2503; x_wconf 89' lang='lat' dir='ltr'><strong>suis</strong></span> <span class='ocrx_word' id='word_1_252' title='bbox 2308 2449 2612 2514; x_wconf 89' lang='lat' dir='ltr'><strong>consulunt,</strong></span> 
     </span>
     <span class='ocr_line' id='line_1_28' title="bbox 625 2519 2613 2590; baseline -0.002 -16"><span class='ocrx_word' id='word_1_253' title='bbox 625 2527 892 2574; x_wconf 84' lang='lat' dir='ltr'><strong>auctorem</strong></span> <span class='ocrx_word' id='word_1_254' title='bbox 914 2526 1347 2573; x_wconf 84' lang='lat' dir='ltr'><strong>conservaverunt</strong></span> <span class='ocrx_word' id='word_1_255' title='bbox 1370 2519 1602 2589; x_wconf 87' lang='lat' dir='ltr'><strong>quidem,</strong></span> <span class='ocrx_word' id='word_1_256' title='bbox 1638 2519 1729 2572; x_wconf 89' lang='lat' dir='ltr'><strong>sed</strong></span> <span class='ocrx_word' id='word_1_257' title='bbox 1751 2520 1826 2574; x_wconf 89' lang='lat' dir='ltr'><strong>ita</strong></span> <span class='ocrx_word' id='word_1_258' title='bbox 1847 2519 2202 2590; x_wconf 86' lang='lat' dir='ltr'><strong>perdiderunt,</strong></span> <span class='ocrx_word' id='word_1_259' title='bbox 2237 2527 2301 2572; x_wconf 90' lang='lat' dir='ltr'><strong>ut</strong></span> <span class='ocrx_word' id='word_1_260' title='bbox 2321 2519 2406 2572; x_wconf 89' lang='lat' dir='ltr'><strong>sui</strong></span> <span class='ocrx_word' id='word_1_261' title='bbox 2429 2519 2613 2571; x_wconf 89' lang='lat' dir='ltr'><strong>similis</strong></span> 
     </span>
     <span class='ocr_line' id='line_1_29' title="bbox 626 2589 2610 2659; baseline -0.001 -15"><span class='ocrx_word' id='word_1_262' title='bbox 626 2607 733 2644; x_wconf 91' lang='lat' dir='ltr'><strong>non</strong></span> <span class='ocrx_word' id='word_1_263' title='bbox 755 2597 902 2644; x_wconf 87' lang='lat' dir='ltr'><strong>esset.</strong></span> <span class='ocrx_word' id='word_1_264' title='bbox 973 2589 1088 2643; x_wconf 91' lang='lat' dir='ltr'><strong>Nos</strong></span> <span class='ocrx_word' id='word_1_265' title='bbox 1108 2591 1289 2659; x_wconf 86' lang='lat' dir='ltr'><strong>itaque</strong></span> <span class='ocrx_word' id='word_1_266' title='bbox 1310 2608 1377 2643; x_wconf 87' lang='lat' dir='ltr'><strong>ex</strong></span> <span class='ocrx_word' id='word_1_267' title='bbox 1398 2589 1716 2643; x_wconf 88' lang='lat' dir='ltr'><strong>editionibus</strong></span> <span class='ocrx_word' id='word_1_268' title='bbox 1729 2591 1962 2658; x_wconf 85' lang='lat' dir='ltr'><strong>vulgatis</strong></span> <span class='ocrx_word' id='word_1_269' title='bbox 1981 2598 2035 2644; x_wconf 90' lang='lat' dir='ltr'><strong>et</strong></span> <span class='ocrx_word' id='word_1_270' title='bbox 2057 2589 2423 2659; x_wconf 87' lang='lat' dir='ltr'><strong>Manuscripto</strong></span> <span class='ocrx_word' id='word_1_271' title='bbox 2445 2606 2610 2643; x_wconf 87' lang='lat' dir='ltr'><strong>unam</strong></span> 
     </span>
     <span class='ocr_line' id='line_1_30' title="bbox 625 2659 2611 2729; baseline -0.002 -14"><span class='ocrx_word' id='word_1_272' title='bbox 625 2661 998 2715; x_wconf 84' lang='lat' dir='ltr'><strong>concinnantes</strong></span> <span class='ocrx_word' id='word_1_273' title='bbox 1019 2659 1316 2727; x_wconf 78' lang='lat' dir='ltr'><strong>editionem,</strong></span> <span class='ocrx_word' id='word_1_274' title='bbox 1360 2661 1417 2713; x_wconf 90' lang='lat' dir='ltr'><strong>in</strong></span> <span class='ocrx_word' id='word_1_275' title='bbox 1456 2660 1680 2729; x_wconf 84' lang='lat' dir='ltr'><strong>singulis</strong></span> <span class='ocrx_word' id='word_1_276' title='bbox 1715 2661 1947 2714; x_wconf 88' lang='lat' dir='ltr'><strong>versibus</strong></span> <span class='ocrx_word' id='word_1_277' title='bbox 1981 2677 2098 2713; x_wconf 90' lang='lat' dir='ltr'><strong>eam</strong></span> <span class='ocrx_word' id='word_1_278' title='bbox 2132 2660 2409 2714; x_wconf 88' lang='lat' dir='ltr'><strong>lectionem</strong></span> <span class='ocrx_word' id='word_1_279' title='bbox 2445 2660 2611 2712; x_wconf 89' lang='lat' dir='ltr'><strong>secuti</strong></span> 
     </span>
     <span class='ocr_line' id='line_1_31' title="bbox 624 2729 2611 2800; baseline -0.002 -15"><span class='ocrx_word' id='word_1_280' title='bbox 624 2748 811 2785; x_wconf 91' lang='lat' dir='ltr'><strong>sumus</strong></span> <span class='ocrx_word' id='word_1_281' title='bbox 846 2747 966 2800; x_wconf 85' lang='lat' dir='ltr'><strong>quae</strong></span> <span class='ocrx_word' id='word_1_282' title='bbox 1002 2731 1167 2783; x_wconf 88' lang='lat' dir='ltr'><strong>verior</strong></span> <span class='ocrx_word' id='word_1_283' title='bbox 1200 2737 1254 2784; x_wconf 93' lang='lat' dir='ltr'><strong>et</strong></span> <span class='ocrx_word' id='word_1_284' title='bbox 1286 2730 1605 2784; x_wconf 86' lang='lat' dir='ltr'><strong>commodior</strong></span> <span class='ocrx_word' id='word_1_285' title='bbox 1639 2731 1780 2783; x_wconf 85' lang='lat' dir='ltr'><strong>visa:</strong></span> <span class='ocrx_word' id='word_1_286' title='bbox 1815 2729 2104 2800; x_wconf 87' lang='lat' dir='ltr'><strong>aliquando</strong></span> <span class='ocrx_word' id='word_1_287' title='bbox 2125 2747 2248 2784; x_wconf 89' lang='lat' dir='ltr'><strong>cum</strong></span> <span class='ocrx_word' id='word_1_288' title='bbox 2271 2737 2460 2784; x_wconf 87' lang='lat' dir='ltr'><strong>neutra</strong></span> <span class='ocrx_word' id='word_1_289' title='bbox 2489 2746 2611 2782; x_wconf 88' lang='lat' dir='ltr'><strong>vera</strong></span> 
     </span>
     <span class='ocr_line' id='line_1_32' title="bbox 622 2801 2606 2870; baseline -0.002 -14"><span class='ocrx_word' id='word_1_290' title='bbox 622 2811 772 2869; x_wconf 82' lang='lat' dir='ltr'><strong>esset,</strong></span> <span class='ocrx_word' id='word_1_291' title='bbox 794 2802 1099 2856; x_wconf 85' lang='lat' dir='ltr'><strong>alterutram</strong></span> <span class='ocrx_word' id='word_1_292' title='bbox 1124 2801 1395 2870; x_wconf 80' lang='lat' dir='ltr'><strong>eleg-imus,</strong></span> <span class='ocrx_word' id='word_1_293' title='bbox 1416 2801 1472 2853; x_wconf 93' lang='lat' dir='ltr'><strong>in</strong></span> <span class='ocrx_word' id='word_1_294' title='bbox 1498 2801 1636 2854; x_wconf 90' lang='lat' dir='ltr'><strong>notis</strong></span> <span class='ocrx_word' id='word_1_295' title='bbox 1657 2801 1846 2854; x_wconf 88' lang='lat' dir='ltr'><strong>nostris</strong></span> <span class='ocrx_word' id='word_1_296' title='bbox 1867 2801 2106 2854; x_wconf 70' lang='lat' dir='ltr'><strong>lectionis</strong></span> <span class='ocrx_word' id='word_1_297' title='bbox 2126 2801 2398 2854; x_wconf 84' lang='lat' dir='ltr'><strong>veritatem</strong></span> <span class='ocrx_word' id='word_1_298' title='bbox 2421 2806 2519 2853; x_wconf 87' lang='lat' dir='ltr'><strong>aut</strong></span> <span class='ocrx_word' id='word_1_299' title='bbox 2538 2817 2606 2852; x_wconf 84' lang='lat' dir='ltr'><strong>ex</strong></span> 
     </span>
     <span class='ocr_line' id='line_1_33' title="bbox 624 2870 2608 2942; baseline -0.003 -15"><span class='ocrx_word' id='word_1_300' title='bbox 624 2873 903 2942; x_wconf 86' lang='lat' dir='ltr'><strong>utriusque</strong></span> <span class='ocrx_word' id='word_1_301' title='bbox 938 2872 1313 2937; x_wconf 88' lang='lat' dir='ltr'><strong>commistione,</strong></span> <span class='ocrx_word' id='word_1_302' title='bbox 1348 2882 1446 2928; x_wconf 89' lang='lat' dir='ltr'><strong>aut</strong></span> <span class='ocrx_word' id='word_1_303' title='bbox 1482 2888 1552 2924; x_wconf 90' lang='lat' dir='ltr'><strong>ex</strong></span> <span class='ocrx_word' id='word_1_304' title='bbox 1596 2879 1770 2924; x_wconf 87' lang='lat' dir='ltr'><strong>nostro</strong></span> <span class='ocrx_word' id='word_1_305' title='bbox 1805 2870 2012 2940; x_wconf 89' lang='lat' dir='ltr'><strong>judicio</strong></span> <span class='ocrx_word' id='word_1_306' title='bbox 2056 2870 2324 2940; x_wconf 85' lang='lat' dir='ltr'><strong>prolaturi.</strong></span> <span class='ocrx_word' id='word_1_307' title='bbox 2412 2870 2608 2923; x_wconf 86' lang='lat' dir='ltr'><strong>Versus</strong></span> 
     </span>
     <span class='ocr_line' id='line_1_34' title="bbox 623 2941 2607 3013; baseline -0.002 -17"><span class='ocrx_word' id='word_1_308' title='bbox 623 2941 917 3013; x_wconf 86' lang='lat' dir='ltr'><strong>superfluos</strong></span> <span class='ocrx_word' id='word_1_309' title='bbox 939 2943 1299 3007; x_wconf 85' lang='lat' dir='ltr'><strong>resecavimus,</strong></span> <span class='ocrx_word' id='word_1_310' title='bbox 1334 2959 1423 2996; x_wconf 89' lang='lat' dir='ltr'><strong>eos</strong></span> <span class='ocrx_word' id='word_1_311' title='bbox 1459 2941 1555 3011; x_wconf 93' lang='lat' dir='ltr'><strong>qui</strong></span> <span class='ocrx_word' id='word_1_312' title='bbox 1590 2941 1842 3007; x_wconf 86' lang='lat' dir='ltr'><strong>deessent,</strong></span> <span class='ocrx_word' id='word_1_313' title='bbox 1879 2941 2266 3007; x_wconf 85' lang='lat' dir='ltr'><strong>substituimus,</strong></span> <span class='ocrx_word' id='word_1_314' title='bbox 2301 2941 2393 2994; x_wconf 89' lang='lat' dir='ltr'><strong>sed</strong></span> <span class='ocrx_word' id='word_1_315' title='bbox 2414 2958 2520 2993; x_wconf 91' lang='lat' dir='ltr'><strong>non</strong></span> <span class='ocrx_word' id='word_1_316' title='bbox 2543 2957 2607 2992; x_wconf 88' lang='lat' dir='ltr'><strong>ea</strong></span> 
     </span>
     <span class='ocr_line' id='line_1_35' title="bbox 621 3011 2606 3082; baseline -0.002 -17"><span class='ocrx_word' id='word_1_317' title='bbox 621 3021 814 3066; x_wconf 82' lang='lat' dir='ltr'><strong>tamen·</strong></span> <span class='ocrx_word' id='word_1_318' title='bbox 836 3012 1074 3078; x_wconf 83' lang='lat' dir='ltr'><strong>audacia,</strong></span> <span class='ocrx_word' id='word_1_319' title='bbox 1111 3019 1175 3067; x_wconf 87' lang='lat' dir='ltr'><strong>ut</strong></span> <span class='ocrx_word' id='word_1_320' title='bbox 1212 3013 1361 3065; x_wconf 89' lang='lat' dir='ltr'><strong>nobis</strong></span> <span class='ocrx_word' id='word_1_321' title='bbox 1396 3014 1452 3065; x_wconf 89' lang='lat' dir='ltr'><strong>in</strong></span> <span class='ocrx_word' id='word_1_322' title='bbox 1492 3013 1738 3066; x_wconf 91' lang='lat' dir='ltr'><strong>omnibus</strong></span> <span class='ocrx_word' id='word_1_323' title='bbox 1769 3011 1910 3065; x_wconf 89' lang='lat' dir='ltr'><strong>credi</strong></span> <span class='ocrx_word' id='word_1_324' title='bbox 1938 3011 2279 3082; x_wconf 87' lang='lat' dir='ltr'><strong>postulemus.</strong></span> <span class='ocrx_word' id='word_1_325' title='bbox 2350 3011 2529 3073; x_wconf 83' lang='lat' dir='ltr'><strong>Quare</strong></span> <span class='ocrx_word' id='word_1_326' title='bbox 2550 3011 2606 3062; x_wconf 91' lang='lat' dir='ltr'><strong>in</strong></span> 
     </span>
     <span class='ocr_line' id='line_1_36' title="bbox 622 3080 2606 3150; baseline 0 -16"><span class='ocrx_word' id='word_1_327' title='bbox 622 3091 773 3136; x_wconf 85' lang='lat' dir='ltr'><strong>notas</strong></span> <span class='ocrx_word' id='word_1_328' title='bbox 794 3090 996 3136; x_wconf 89' lang='lat' dir='ltr'><strong>nostras</strong></span> <span class='ocrx_word' id='word_1_329' title='bbox 1018 3099 1227 3135; x_wconf 91' lang='lat' dir='ltr'><strong>omnem</strong></span> <span class='ocrx_word' id='word_1_330' title='bbox 1248 3083 1537 3136; x_wconf 70' lang='lat' dir='ltr'><strong>lectionum</strong></span> <span class='ocrx_word' id='word_1_331' title='bbox 1558 3083 1861 3136; x_wconf 84' lang='lat' dir='ltr'><strong>varietatem</strong></span> <span class='ocrx_word' id='word_1_332' title='bbox 1884 3082 2192 3135; x_wconf 90' lang='lat' dir='ltr'><strong>retulimus:</strong></span> <span class='ocrx_word' id='word_1_333' title='bbox 2229 3081 2516 3150; x_wconf 83' lang='lat' dir='ltr'><strong>eademque</strong></span> <span class='ocrx_word' id='word_1_334' title='bbox 2540 3080 2606 3134; x_wconf 87' lang='lat' dir='ltr'><strong>de</strong></span> 
     </span>
     <span class='ocr_line' id='line_1_37' title="bbox 621 3152 2605 3222; baseline -0.001 -16"><span class='ocrx_word' id='word_1_335' title='bbox 621 3169 784 3206; x_wconf 84' lang='lat' dir='ltr'><strong>causa</strong></span> <span class='ocrx_word' id='word_1_336' title='bbox 821 3152 1209 3206; x_wconf 84' lang='lat' dir='ltr'><strong>emendationes</strong></span> <span class='ocrx_word' id='word_1_337' title='bbox 1248 3152 1423 3206; x_wconf 83' lang='lat' dir='ltr'><strong>nullas</strong></span> <span class='ocrx_word' id='word_1_338' title='bbox 1462 3159 1559 3206; x_wconf 85' lang='lat' dir='ltr'><strong>aut</strong></span> <span class='ocrx_word' id='word_1_339' title='bbox 1594 3153 1936 3222; x_wconf 85' lang='lat' dir='ltr'><strong>paucissimas</strong></span> <span class='ocrx_word' id='word_1_340' title='bbox 1969 3168 2164 3220; x_wconf 82' lang='lat' dir='ltr'><strong>easque</strong></span> <span class='ocrx_word' id='word_1_341' title='bbox 2203 3153 2513 3205; x_wconf 82' lang='lat' dir='ltr'><strong>certissimas</strong></span> <span class='ocrx_word' id='word_1_342' title='bbox 2548 3152 2605 3203; x_wconf 91' lang='lat' dir='ltr'><strong>in</strong></span> 
     </span>
     <span class='ocr_line' id='line_1_38' title="bbox 620 3221 2606 3290; baseline 0 -15"><span class='ocrx_word' id='word_1_343' title='bbox 620 3230 829 3276; x_wconf 84' lang='lat' dir='ltr'><strong>textum</strong></span> <span class='ocrx_word' id='word_1_344' title='bbox 870 3223 1164 3288; x_wconf 87' lang='lat' dir='ltr'><strong>retulimus,</strong></span> <span class='ocrx_word' id='word_1_345' title='bbox 1205 3222 1296 3275; x_wconf 89' lang='lat' dir='ltr'><strong>sed</strong></span> <span class='ocrx_word' id='word_1_346' title='bbox 1334 3223 1405 3276; x_wconf 88' lang='lat' dir='ltr'><strong>ad</strong></span> <span class='ocrx_word' id='word_1_347' title='bbox 1435 3229 1586 3276; x_wconf 80' lang='lat' dir='ltr'><strong>notas</strong></span> <span class='ocrx_word' id='word_1_348' title='bbox 1623 3224 2026 3276; x_wconf 83' lang='lat' dir='ltr'><strong>reservavimus:</strong></span> <span class='ocrx_word' id='word_1_349' title='bbox 2065 3239 2293 3290; x_wconf 87' lang='lat' dir='ltr'><strong>quarum</strong></span> <span class='ocrx_word' id='word_1_350' title='bbox 2333 3223 2526 3290; x_wconf 84' lang='lat' dir='ltr'><strong>aliquae</strong></span> <span class='ocrx_word' id='word_1_351' title='bbox 2561 3221 2606 3274; x_wconf 89' lang='lat' dir='ltr'><strong>si</strong></span> 
     </span>
     <span class='ocr_line' id='line_1_39' title="bbox 620 3291 2606 3361; baseline -0.001 -15"><span class='ocrx_word' id='word_1_352' title='bbox 620 3293 854 3346; x_wconf 91' lang='lat' dir='ltr'><strong>multum</strong></span> <span class='ocrx_word' id='word_1_353' title='bbox 877 3292 1137 3345; x_wconf 86' lang='lat' dir='ltr'><strong>discedere</strong></span> <span class='ocrx_word' id='word_1_354' title='bbox 1159 3291 1477 3346; x_wconf 84' lang='lat' dir='ltr'><strong>videbuntur</strong></span> <span class='ocrx_word' id='word_1_355' title='bbox 1511 3309 1545 3344; x_wconf 90' lang='lat' dir='ltr'><strong>a</strong></span> <span class='ocrx_word' id='word_1_356' title='bbox 1577 3293 1798 3346; x_wconf 89' lang='lat' dir='ltr'><strong>lectione</strong></span> <span class='ocrx_word' id='word_1_357' title='bbox 1820 3292 2162 3361; x_wconf 86' lang='lat' dir='ltr'><strong>manuscripti</strong></span> <span class='ocrx_word' id='word_1_358' title='bbox 2191 3301 2288 3345; x_wconf 85' lang='lat' dir='ltr'><strong>aut</strong></span> <span class='ocrx_word' id='word_1_359' title='bbox 2309 3292 2434 3346; x_wconf 75' lang='lat' dir='ltr'><strong>edin·</strong></span> <span class='ocrx_word' id='word_1_360' title='bbox 2468 3292 2606 3354; x_wconf 88' lang='lat' dir='ltr'><strong>libri,</strong></span> 
     </span>
     <span class='ocr_line' id='line_1_40' title="bbox 620 3359 2607 3432; baseline -0.001 -17"><span class='ocrx_word' id='word_1_361' title='bbox 620 3362 891 3424; x_wconf 85' lang='lat' dir='ltr'><strong>considera</strong></span> <span class='ocrx_word' id='word_1_362' title='bbox 924 3362 1126 3415; x_wconf 86' lang='lat' dir='ltr'><strong>collatis</strong></span> <span class='ocrx_word' id='word_1_363' title='bbox 1155 3359 1555 3432; x_wconf 54' lang='lat' dir='ltr'><strong>exemplam-ihm,</strong></span> <span class='ocrx_word' id='word_1_364' title='bbox 1591 3370 1853 3432; x_wconf 88' lang='lat' dir='ltr'><strong>quantum</strong></span> <span class='ocrx_word' id='word_1_365' title='bbox 1877 3363 2376 3432; x_wconf 63' lang='lat' dir='ltr'><strong>saepemanuscripti</strong></span> <span class='ocrx_word' id='word_1_366' title='bbox 2397 3363 2551 3416; x_wconf 88' lang='lat' dir='ltr'><strong>lectio</strong></span> <span class='ocrx_word' id='word_1_367' title='bbox 2571 3379 2607 3414; x_wconf 92' lang='lat' dir='ltr'><strong>a</strong></span> 
     </span>
     <span class='ocr_line' id='line_1_41' title="bbox 621 3431 2604 3503; baseline 0.001 -19"><span class='ocrx_word' id='word_1_368' title='bbox 621 3433 841 3502; x_wconf 84' lang='lat' dir='ltr'><strong>vulgata</strong></span> <span class='ocrx_word' id='word_1_369' title='bbox 871 3432 1063 3486; x_wconf 86' lang='lat' dir='ltr'><strong>distet:</strong></span> <span class='ocrx_word' id='word_1_370' title='bbox 1102 3448 1208 3500; x_wconf 92' lang='lat' dir='ltr'><strong>quo</strong></span> <span class='ocrx_word' id='word_1_371' title='bbox 1246 3431 1384 3486; x_wconf 83' lang='lat' dir='ltr'><strong>facto</strong></span> <span class='ocrx_word' id='word_1_372' title='bbox 1416 3433 1633 3498; x_wconf 75' lang='lat' dir='ltr'><strong>videbiS,</strong></span> <span class='ocrx_word' id='word_1_373' title='bbox 1679 3433 1823 3502; x_wconf 90' lang='lat' dir='ltr'><strong>quod</strong></span> <span class='ocrx_word' id='word_1_374' title='bbox 1857 3449 1954 3503; x_wconf 87' lang='lat' dir='ltr'><strong>ego</strong></span> <span class='ocrx_word' id='word_1_375' title='bbox 1990 3432 2157 3498; x_wconf 88' lang='lat' dir='ltr'><strong>video,</strong></span> <span class='ocrx_word' id='word_1_376' title='bbox 2190 3432 2493 3503; x_wconf 83' lang='lat' dir='ltr'><strong>longissime</strong></span> <span class='ocrx_word' id='word_1_377' title='bbox 2514 3449 2604 3485; x_wconf 82' lang='lat' dir='ltr'><strong>ex-</strong></span> 
     </span>
     <span class='ocr_line' id='line_1_42' title="bbox 619 3502 2604 3587; baseline 0 -31"><span class='ocrx_word' id='word_1_378' title='bbox 619 3503 890 3587; x_wconf 76' lang='lat' dir='ltr'><strong>scriptores</strong></span> <span class='ocrx_word' id='word_1_379' title='bbox 912 3519 947 3555; x_wconf 87' lang='lat' dir='ltr'><strong>a</strong></span> <span class='ocrx_word' id='word_1_380' title='bbox 966 3519 1089 3556; x_wconf 89' lang='lat' dir='ltr'><strong>vera</strong></span> <span class='ocrx_word' id='word_1_381' title='bbox 1122 3503 1341 3585; x_wconf 76' lang='lat' dir='ltr'><strong>lectione</strong></span> <span class='ocrx_word' id='word_1_382' title='bbox 1376 3502 1682 3556; x_wconf 87' lang='lat' dir='ltr'><strong>discessisse.</strong></span> <span class='ocrx_word' id='word_1_383' title='bbox 1754 3502 1948 3572; x_wconf 88' lang='lat' dir='ltr'><strong>Itaque</strong></span> <span class='ocrx_word' id='word_1_384' title='bbox 1979 3519 2091 3585; x_wconf 71' lang='lat' dir='ltr'><strong>non</strong></span> <span class='ocrx_word' id='word_1_385' title='bbox 2130 3502 2242 3556; x_wconf 85' lang='lat' dir='ltr'><strong>haec</strong></span> <span class='ocrx_word' id='word_1_386' title='bbox 2281 3503 2440 3573; x_wconf 88' lang='lat' dir='ltr'><strong>culpa</strong></span> <span class='ocrx_word' id='word_1_387' title='bbox 2476 3502 2604 3555; x_wconf 90' lang='lat' dir='ltr'><strong>mihi</strong></span> 
     </span>
     <span class='ocr_line' id='line_1_43' title="bbox 618 3572 2604 3712; baseline -0.001 -17"><span class='ocrx_word' id='word_1_388' title='bbox 618 3572 1069 3697; x_wconf 42' lang='lat' dir='ltr'><strong>samm&amp;</strong></span> <span class='ocrx_word' id='word_1_389' title='bbox 1081 3572 2604 3712; x_wconf 43' lang='lat' dir='ltr'><strong>3352&amp;afflasti&amp;3123222333505123333022‘3</strong></span> 
     </span>
     <span class='ocr_line' id='line_1_44' title="bbox 618 3712 2602 3783; baseline -0.001 -17"><span class='ocrx_word' id='word_1_390' title='bbox 618 3713 802 3780; x_wconf 88' lang='lat' dir='ltr'><strong>durus,</strong></span> <span class='ocrx_word' id='word_1_391' title='bbox 824 3712 917 3766; x_wconf 89' lang='lat' dir='ltr'><strong>sed</strong></span> <span class='ocrx_word' id='word_1_392' title='bbox 939 3713 1196 3766; x_wconf 84' lang='lat' dir='ltr'><strong>salutaris.</strong></span> <span class='ocrx_word' id='word_1_393' title='bbox 1270 3713 1595 3767; x_wconf 87' lang='lat' dir='ltr'><strong>Scholiasten</strong></span> <span class='ocrx_word' id='word_1_394' title='bbox 1630 3714 1785 3766; x_wconf 91' lang='lat' dir='ltr'><strong>illum</strong></span> <span class='ocrx_word' id='word_1_395' title='bbox 1822 3713 1916 3782; x_wconf 90' lang='lat' dir='ltr'><strong>qui</strong></span> <span class='ocrx_word' id='word_1_396' title='bbox 1955 3713 2257 3766; x_wconf 85' lang='lat' dir='ltr'><strong>Germanici</strong></span> <span class='ocrx_word' id='word_1_397' title='bbox 2293 3713 2602 3783; x_wconf 83' lang='lat' dir='ltr'><strong>appellatur,</strong></span> 
     </span>
     <span class='ocr_line' id='line_1_45' title="bbox 616 3782 2602 3853; baseline -0.002 -16"><span class='ocrx_word' id='word_1_398' title='bbox 616 3801 742 3837; x_wconf 88' lang='lat' dir='ltr'><strong>cum</strong></span> <span class='ocrx_word' id='word_1_399' title='bbox 765 3783 896 3836; x_wconf 91' lang='lat' dir='ltr'><strong>nihil</strong></span> <span class='ocrx_word' id='word_1_400' title='bbox 917 3783 1077 3836; x_wconf 83' lang='lat' dir='ltr'><strong>ferme</strong></span> <span class='ocrx_word' id='word_1_401' title='bbox 1099 3783 1168 3836; x_wconf 88' lang='lat' dir='ltr'><strong>ad</strong></span> <span class='ocrx_word' id='word_1_402' title='bbox 1191 3782 1567 3838; x_wconf 87' lang='lat' dir='ltr'><strong>Germanicum</strong></span> <span class='ocrx_word' id='word_1_403' title='bbox 1589 3783 1765 3849; x_wconf 79' lang='lat' dir='ltr'><strong>faciat,</strong></span> <span class='ocrx_word' id='word_1_404' title='bbox 1786 3791 1854 3849; x_wconf 89' lang='lat' dir='ltr'><strong>et,</strong></span> <span class='ocrx_word' id='word_1_405' title='bbox 1877 3785 2118 3853; x_wconf 82' lang='lat' dir='ltr'><strong>quamvis</strong></span> <span class='ocrx_word' id='word_1_406' title='bbox 2139 3782 2346 3850; x_wconf 82' lang='lat' dir='ltr'><strong>faceret,</strong></span> <span class='ocrx_word' id='word_1_407' title='bbox 2369 3783 2602 3836; x_wconf 89' lang='lat' dir='ltr'><strong>ordinem</strong></span> 
     </span>
     <span class='ocr_line' id='line_1_46' title="bbox 617 3853 2601 3922; baseline -0.001 -14"><span class='ocrx_word' id='word_1_408' title='bbox 617 3861 670 3908; x_wconf 88' lang='lat' dir='ltr'><strong>et</strong></span> <span class='ocrx_word' id='word_1_409' title='bbox 709 3855 891 3906; x_wconf 90' lang='lat' dir='ltr'><strong>seriem</strong></span> <span class='ocrx_word' id='word_1_410' title='bbox 928 3855 1231 3907; x_wconf 85' lang='lat' dir='ltr'><strong>continuam</strong></span> <span class='ocrx_word' id='word_1_411' title='bbox 1277 3855 1601 3920; x_wconf 74' lang='lat' dir='ltr'><strong>interturbet,</strong></span> <span class='ocrx_word' id='word_1_412' title='bbox 1640 3854 1926 3906; x_wconf 90' lang='lat' dir='ltr'><strong>omisimus.</strong></span> <span class='ocrx_word' id='word_1_413' title='bbox 2000 3853 2267 3922; x_wconf 53' lang='lat' dir='ltr'><strong>Imagines</strong></span> <span class='ocrx_word' id='word_1_414' title='bbox 2303 3871 2371 3906; x_wconf 87' lang='lat' dir='ltr'><strong>ex</strong></span> <span class='ocrx_word' id='word_1_415' title='bbox 2416 3869 2601 3906; x_wconf 89' lang='lat' dir='ltr'><strong>manu-</strong></span> 
     </span>
     <span class='ocr_line' id='line_1_47' title="bbox 618 3923 2602 3994; baseline -0.001 -18"><span class='ocrx_word' id='word_1_416' title='bbox 618 3924 794 3994; x_wconf 89' lang='lat' dir='ltr'><strong>scripti</strong></span> <span class='ocrx_word' id='word_1_417' title='bbox 820 3924 921 3977; x_wconf 87' lang='lat' dir='ltr'><strong>fide</strong></span> <span class='ocrx_word' id='word_1_418' title='bbox 944 3924 1135 3978; x_wconf 81' lang='lat' dir='ltr'><strong>excudi</strong></span> <span class='ocrx_word' id='word_1_419' title='bbox 1157 3923 1394 3990; x_wconf 82' lang='lat' dir='ltr'><strong>fecimuS,</strong></span> <span class='ocrx_word' id='word_1_420' title='bbox 1423 3925 1493 3978; x_wconf 86' lang='lat' dir='ltr'><strong>ad</strong></span> <span class='ocrx_word' id='word_1_421' title='bbox 1519 3941 1652 3993; x_wconf 89' lang='lat' dir='ltr'><strong>quas</strong></span> <span class='ocrx_word' id='word_1_422' title='bbox 1676 3931 1826 3977; x_wconf 82' lang='lat' dir='ltr'><strong>notas</strong></span> <span class='ocrx_word' id='word_1_423' title='bbox 1849 3925 2006 3977; x_wconf 85' lang='lat' dir='ltr'><strong>etiam</strong></span> <span class='ocrx_word' id='word_1_424' title='bbox 2029 3924 2445 3994; x_wconf 89' lang='lat' dir='ltr'><strong>conscripsimus,</strong></span> <span class='ocrx_word' id='word_1_425' title='bbox 2469 3939 2602 3991; x_wconf 88' lang='lat' dir='ltr'><strong>quas</strong></span> 
     </span>
     <span class='ocr_line' id='line_1_48' title="bbox 614 3992 2249 4064; baseline -0.001 -18"><span class='ocrx_word' id='word_1_426' title='bbox 614 3993 753 4046; x_wconf 86' lang='lat' dir='ltr'><strong>infra</strong></span> <span class='ocrx_word' id='word_1_427' title='bbox 773 3995 1005 4064; x_wconf 67' lang='lat' dir='ltr'><strong>reperies</strong></span> <span class='ocrx_word' id='word_1_428' title='bbox 1077 3992 1241 4048; x_wconf 87' lang='lat' dir='ltr'><strong>Nunc</strong></span> <span class='ocrx_word' id='word_1_429' title='bbox 1263 3994 1334 4047; x_wconf 80' lang='lat' dir='ltr'><strong>ad</strong></span> <span class='ocrx_word' id='word_1_430' title='bbox 1365 3995 1741 4048; x_wconf 86' lang='lat' dir='ltr'><strong>Germanicum</strong></span> <span class='ocrx_word' id='word_1_431' title='bbox 1763 3995 1939 4064; x_wconf 87' lang='lat' dir='ltr'><strong>ipsum</strong></span> <span class='ocrx_word' id='word_1_432' title='bbox 1965 3995 2249 4048; x_wconf 70' lang='lat' dir='ltr'><strong>veniamus</strong></span> 
     </span>
    </p>
   </div>
   <div class='ocr_carea' id='block_1_3' title="bbox 2878 3241 2904 3925">
    <p class='ocr_par' dir='ltr' id='par_1_6' title="bbox 2878 3241 2904 3925">
     <span class='ocr_line' id='line_1_49' title="bbox 2878 3241 2904 3925; baseline 0 0"><span class='ocrx_word' id='word_1_433' title='bbox 2878 3241 2904 3925; x_wconf 95' lang='lat' dir='ltr'><strong> </strong></span> 
     </span>
    </p>
   </div>
   <div class='ocr_carea' id='block_1_4' title="bbox 2853 3241 2904 4593">
    <p class='ocr_par' dir='ltr' id='par_1_7' title="bbox 2853 3241 2904 4593">
     <span class='ocr_line' id='line_1_50' title="bbox 2853 3241 2904 4593; baseline 0 0"><span class='ocrx_word' id='word_1_434' title='bbox 2853 3241 2904 4593; x_wconf 95' lang='lat' dir='ltr'><strong> </strong></span> 
     </span>
    </p>
   </div>
  </div>
 </body>
</html>
