<?xml version="1.0" encoding="UTF-8"?>
<!DOCTYPE html PUBLIC "-//W3C//DTD XHTML 1.0 Transitional//EN"
    "http://www.w3.org/TR/xhtml1/DTD/xhtml1-transitional.dtd">
<html xmlns="http://www.w3.org/1999/xhtml" xml:lang="en" lang="en">
 <head>
  <title>
</title>
<meta http-equiv="Content-Type" content="text/html;charset=utf-8" />
  <meta name='ocr-system' content='tesseract 3.04.00' />
  <meta name='ocr-capabilities' content='ocr_page ocr_carea ocr_par ocr_line ocrx_word'/>
</head>
<body>
  <div class='ocr_page' id='page_1' title='image "./germanicicaesar00aratgoog_0173.png"; bbox 0 0 2992 4842; ppageno 0'>
   <div class='ocr_carea' id='block_1_1' title="bbox 1047 573 2427 626">
    <p class='ocr_par' dir='ltr' id='par_1_1' title="bbox 1047 573 2427 626">
     <span class='ocr_line' id='line_1_1' title="bbox 1047 573 2427 626; baseline -0.004 -1"><span class='ocrx_word' id='word_1_1' title='bbox 1047 592 1118 625; x_wconf 72' lang='lat' dir='ltr'><strong>An</strong></span> <span class='ocrx_word' id='word_1_2' title='bbox 1145 590 1503 626; x_wconf 72' lang='lat' dir='ltr'><strong>PHAENOMENA</strong></span> <span class='ocrx_word' id='word_1_3' title='bbox 1529 589 1764 624; x_wconf 65' lang='lat' dir='ltr'><strong>anum.</strong></span> <span class='ocrx_word' id='word_1_4' title='bbox 2309 573 2427 620; x_wconf 79' lang='lat' dir='ltr'><strong>lxxv</strong></span> 
     </span>
    </p>
   </div>
   <div class='ocr_carea' id='block_1_2' title="bbox 421 712 2436 4141">
    <p class='ocr_par' dir='ltr' id='par_1_2' title="bbox 421 712 2432 1103">
     <span class='ocr_line' id='line_1_2' title="bbox 421 712 2429 779; baseline -0.001 -14"><span class='ocrx_word' id='word_1_5' title='bbox 421 718 565 765; x_wconf 83' lang='lat' dir='ltr'><strong>stelloe</strong></span> <span class='ocrx_word' id='word_1_6' title='bbox 586 723 696 765; x_wconf 75' lang='lat' dir='ltr'><strong>sunt</strong></span> <span class='ocrx_word' id='word_1_7' title='bbox 716 714 834 776; x_wconf 84' lang='lat' dir='ltr'><strong>VII,</strong></span> <span class='ocrx_word' id='word_1_8' title='bbox 859 730 977 778; x_wconf 73' lang='lat' dir='ltr'><strong>quas</strong></span> <span class='ocrx_word' id='word_1_9' title='bbox 997 715 1231 779; x_wconf 71' lang='lat' dir='ltr'><strong>Veryilias</strong></span> <span class='ocrx_word' id='word_1_10' title='bbox 1251 720 1422 774; x_wconf 76' lang='lat' dir='ltr'><strong>nostri,</strong></span> <span class='ocrx_word' id='word_1_11' title='bbox 1465 715 1621 763; x_wconf 82' lang='lat' dir='ltr'><strong>Graeci</strong></span> <span class='ocrx_word' id='word_1_12' title='bbox 1638 722 1798 762; x_wconf 75' lang='lat' dir='ltr'><strong>autem</strong></span> <span class='ocrx_word' id='word_1_13' title='bbox 1822 712 2038 762; x_wconf 72' lang='lat' dir='ltr'><strong><em>Pleiades</em></strong></span> <span class='ocrx_word' id='word_1_14' title='bbox 2056 714 2429 777; x_wconf 62' lang='lat' dir='ltr'><strong>appellaverunt.</strong></span> 
     </span>
     <span class='ocr_line' id='line_1_3' title="bbox 425 779 2429 845; baseline -0.001 -16"><span class='ocrx_word' id='word_1_15' title='bbox 425 783 495 829; x_wconf 88' lang='lat' dir='ltr'><strong>Et</strong></span> <span class='ocrx_word' id='word_1_16' title='bbox 537 786 838 845; x_wconf 80' lang='lat' dir='ltr'><strong>Anonymus,</strong></span> <span class='ocrx_word' id='word_1_17' title='bbox 872 781 1012 842; x_wconf 84' lang='lat' dir='ltr'><strong>cujus</strong></span> <span class='ocrx_word' id='word_1_18' title='bbox 1037 781 1174 829; x_wconf 84' lang='lat' dir='ltr'><strong>locus</strong></span> <span class='ocrx_word' id='word_1_19' title='bbox 1209 788 1284 828; x_wconf 82' lang='lat' dir='ltr'><strong>est</strong></span> <span class='ocrx_word' id='word_1_20' title='bbox 1315 780 1540 838; x_wconf 75' lang='lat' dir='ltr'><strong>mutilae,</strong></span> <span class='ocrx_word' id='word_1_21' title='bbox 1576 780 1702 841; x_wconf 86' lang='lat' dir='ltr'><strong>quod</strong></span> <span class='ocrx_word' id='word_1_22' title='bbox 1728 780 1879 827; x_wconf 87' lang='lat' dir='ltr'><strong>miror</strong></span> <span class='ocrx_word' id='word_1_23' title='bbox 1903 794 1998 827; x_wconf 88' lang='lat' dir='ltr'><strong>non</strong></span> <span class='ocrx_word' id='word_1_24' title='bbox 2022 779 2429 835; x_wconf 83' lang='lat' dir='ltr'><strong>animadversum,</strong></span> 
     </span>
     <span class='ocr_line' id='line_1_4' title="bbox 425 844 2427 908; baseline -0.001 -14"><span class='ocrx_word' id='word_1_25' title='bbox 425 846 499 894; x_wconf 78' lang='lat' dir='ltr'><strong>Ab</strong></span> <span class='ocrx_word' id='word_1_26' title='bbox 521 850 750 895; x_wconf 75' lang='lat' dir='ltr'><strong><em>excisione</em></strong></span> <span class='ocrx_word' id='word_1_27' title='bbox 773 848 902 893; x_wconf 77' lang='lat' dir='ltr'><strong>tauri</strong></span> <span class='ocrx_word' id='word_1_28' title='bbox 928 860 1074 908; x_wconf 76' lang='lat' dir='ltr'><strong>usque</strong></span> <span class='ocrx_word' id='word_1_29' title='bbox 1090 848 1155 893; x_wconf 86' lang='lat' dir='ltr'><strong>ad</strong></span> <span class='ocrx_word' id='word_1_30' title='bbox 1175 846 1228 893; x_wconf 70' lang='lat' dir='ltr'><strong>id</strong></span> <span class='ocrx_word' id='word_1_31' title='bbox 1249 847 1374 908; x_wconf 79' lang='lat' dir='ltr'><strong>quod</strong></span> <span class='ocrx_word' id='word_1_32' title='bbox 1388 850 1560 907; x_wconf 79' lang='lat' dir='ltr'><em>septem</em></span> <span class='ocrx_word' id='word_1_33' title='bbox 1580 844 1724 891; x_wconf 82' lang='lat' dir='ltr'><strong>stelloe</strong></span> <span class='ocrx_word' id='word_1_34' title='bbox 1744 850 1872 901; x_wconf 79' lang='lat' dir='ltr'><strong>sunt,</strong></span> <span class='ocrx_word' id='word_1_35' title='bbox 1908 859 2024 906; x_wconf 80' lang='lat' dir='ltr'><strong>quas</strong></span> <span class='ocrx_word' id='word_1_36' title='bbox 2048 845 2241 906; x_wconf 80' lang='lat' dir='ltr'><strong>quidam</strong></span> <span class='ocrx_word' id='word_1_37' title='bbox 2263 846 2427 891; x_wconf 79' lang='lat' dir='ltr'><strong>Pleia-</strong></span> 
     </span>
     <span class='ocr_line' id='line_1_5' title="bbox 424 906 2430 973; baseline -0.001 -14"><span class='ocrx_word' id='word_1_38' title='bbox 424 913 505 959; x_wconf 78' lang='lat' dir='ltr'><strong>des</strong></span> <span class='ocrx_word' id='word_1_39' title='bbox 543 913 721 961; x_wconf 80' lang='lat' dir='ltr'><strong>dicunt.</strong></span> <span class='ocrx_word' id='word_1_40' title='bbox 791 911 891 958; x_wconf 89' lang='lat' dir='ltr'><strong>Ubi</strong></span> <span class='ocrx_word' id='word_1_41' title='bbox 923 914 1098 957; x_wconf 72' lang='lat' dir='ltr'><strong>excisio</strong></span> <span class='ocrx_word' id='word_1_42' title='bbox 1136 910 1286 957; x_wconf 85' lang='lat' dir='ltr'>Tauri</span> <span class='ocrx_word' id='word_1_43' title='bbox 1323 918 1397 957; x_wconf 83' lang='lat' dir='ltr'><strong>est</strong></span> <span class='ocrx_word' id='word_1_44' title='bbox 1431 910 1563 973; x_wconf 79' lang='grc' dir='ltr'>τομὴ</span> <span class='ocrx_word' id='word_1_45' title='bbox 1590 906 1772 973; x_wconf 75' lang='grc' dir='ltr'><strong>τάυρε.</strong></span> <span class='ocrx_word' id='word_1_46' title='bbox 1844 909 2028 956; x_wconf 81' lang='lat' dir='ltr'><strong>Aratus</strong></span> <span class='ocrx_word' id='word_1_47' title='bbox 2050 924 2099 957; x_wconf 84' lang='lat' dir='ltr'><strong>v.</strong></span> <span class='ocrx_word' id='word_1_48' title='bbox 2120 910 2230 966; x_wconf 85' lang='lat'><strong>322,</strong></span> <span class='ocrx_word' id='word_1_49' title='bbox 2265 908 2430 966; x_wconf 79' lang='grc' dir='ltr'><strong>Λοξὸς</strong></span> 
     </span>
     <span class='ocr_line' id='line_1_6' title="bbox 424 971 2432 1039; baseline 0 -16"><span class='ocrx_word' id='word_1_50' title='bbox 424 975 522 1039; x_wconf 81' lang='grc' dir='ltr'><strong>μὲν</strong></span> <span class='ocrx_word' id='word_1_51' title='bbox 559 974 768 1039; x_wconf 81' lang='grc' dir='ltr'>ταύροιο</span> <span class='ocrx_word' id='word_1_52' title='bbox 803 973 936 1039; x_wconf 75' lang='grc' dir='ltr'>τομὴ</span> <span class='ocrx_word' id='word_1_53' title='bbox 971 972 1307 1022; x_wconf 73' lang='grc' dir='ltr'><strong>ὑποκέκλιται</strong></span> <span class='ocrx_word' id='word_1_54' title='bbox 1329 974 1490 1023; x_wconf 77' lang='grc' dir='ltr'>αὑτοὺ</span> <span class='ocrx_word' id='word_1_55' title='bbox 1525 972 1726 1038; x_wconf 75' lang='grc' dir='ltr'><strong>Ὠρίων.</strong></span> <span class='ocrx_word' id='word_1_56' title='bbox 1794 971 2432 1024; x_wconf 74' lang='lat' dir='ltr'><strong>GR.—SCH.—Penme</strong></span> 
     </span>
     <span class='ocr_line' id='line_1_7' title="bbox 423 1038 1856 1103; baseline -0.001 -14"><span class='ocrx_word' id='word_1_57' title='bbox 423 1040 650 1103; x_wconf 76' lang='lat' dir='ltr'><strong>reddunt]</strong></span> <span class='ocrx_word' id='word_1_58' title='bbox 675 1041 734 1087; x_wconf 90' lang='lat' dir='ltr'><strong>de</strong></span> <span class='ocrx_word' id='word_1_59' title='bbox 757 1056 804 1101; x_wconf 89' lang='lat' dir='ltr'><strong>g.</strong></span> <span class='ocrx_word' id='word_1_60' title='bbox 827 1040 954 1102; x_wconf 86' lang='lat' dir='ltr'><strong>conj.</strong></span> <span class='ocrx_word' id='word_1_61' title='bbox 976 1040 1049 1087; x_wconf 87' lang='lat' dir='ltr'><strong>sb.</strong></span> <span class='ocrx_word' id='word_1_62' title='bbox 1079 1042 1244 1101; x_wconf 76' lang='lat' dir='ltr'><strong>pirmoe</strong></span> <span class='ocrx_word' id='word_1_63' title='bbox 1267 1040 1462 1087; x_wconf 81' lang='lat' dir='ltr'><strong>redeunt</strong></span> <span class='ocrx_word' id='word_1_64' title='bbox 1484 1038 1856 1101; x_wconf 85' lang='lat' dir='ltr'><strong>BEGg.-OR.</strong></span> 
     </span>
    </p>

    <p class='ocr_par' dir='ltr' id='par_1_3' title="bbox 493 1102 2427 1167">
     <span class='ocr_line' id='line_1_8' title="bbox 493 1102 2427 1167; baseline -0.002 -13"><span class='ocrx_word' id='word_1_65' title='bbox 493 1106 604 1154; x_wconf 80' lang='lat'><strong>713.</strong></span> <span class='ocrx_word' id='word_1_66' title='bbox 650 1104 805 1153; x_wconf 74' lang='lat' dir='ltr'><strong>Tauri</strong></span> <span class='ocrx_word' id='word_1_67' title='bbox 842 1102 1163 1167; x_wconf 67' lang='lat' dir='ltr'><strong>coquo-scitur]</strong></span> <span class='ocrx_word' id='word_1_68' title='bbox 1204 1103 1264 1152; x_wconf 87' lang='lat' dir='ltr'><strong>de</strong></span> <span class='ocrx_word' id='word_1_69' title='bbox 1286 1118 1335 1166; x_wconf 80' lang='lat' dir='ltr'><strong>g.</strong></span> <span class='ocrx_word' id='word_1_70' title='bbox 1356 1104 1484 1167; x_wconf 87' lang='lat' dir='ltr'><strong>conj.</strong></span> <span class='ocrx_word' id='word_1_71' title='bbox 1510 1105 1583 1154; x_wconf 81' lang='lat' dir='ltr'><strong>sb.</strong></span> <span class='ocrx_word' id='word_1_72' title='bbox 1639 1102 1799 1152; x_wconf 77' lang='lat' dir='ltr'><strong>Tauri</strong></span> <span class='ocrx_word' id='word_1_73' title='bbox 1830 1108 1877 1150; x_wconf 76' lang='lat' dir='ltr'><strong>et</strong></span> <span class='ocrx_word' id='word_1_74' title='bbox 1906 1105 2200 1165; x_wconf 77' lang='lat' dir='ltr'><strong>coynoscitur</strong></span> <span class='ocrx_word' id='word_1_75' title='bbox 2232 1102 2427 1167; x_wconf 84' lang='lat' dir='ltr'><strong>BEGg.</strong></span> 
     </span>
    </p>

    <p class='ocr_par' dir='ltr' id='par_1_4' title="bbox 425 1231 2436 2653">
     <span class='ocr_line' id='line_1_9' title="bbox 494 1231 2432 1295; baseline -0.002 -11"><span class='ocrx_word' id='word_1_76' title='bbox 494 1233 605 1284; x_wconf 81' lang='lat'><strong>⁷14.</strong></span> <span class='ocrx_word' id='word_1_77' title='bbox 639 1232 798 1281; x_wconf 78' lang='lat' dir='ltr'><strong>Fixus</strong></span> <span class='ocrx_word' id='word_1_78' title='bbox 811 1238 857 1279; x_wconf 77' lang='lat' dir='ltr'><strong>et</strong></span> <span class='ocrx_word' id='word_1_79' title='bbox 877 1235 932 1279; x_wconf 78' lang='lat' dir='ltr'><strong>in</strong></span> <span class='ocrx_word' id='word_1_80' title='bbox 951 1231 1117 1295; x_wconf 79' lang='lat' dir='ltr'><strong>curm]</strong></span> <span class='ocrx_word' id='word_1_81' title='bbox 1147 1232 1271 1280; x_wconf 85' lang='lat' dir='ltr'><strong>Haec</strong></span> <span class='ocrx_word' id='word_1_82' title='bbox 1295 1248 1410 1281; x_wconf 87' lang='lat' dir='ltr'><strong>cum</strong></span> <span class='ocrx_word' id='word_1_83' title='bbox 1430 1232 1667 1295; x_wconf 81' lang='lat' dir='ltr'><strong>proximis</strong></span> <span class='ocrx_word' id='word_1_84' title='bbox 1687 1232 1845 1280; x_wconf 82' lang='lat' dir='ltr'><strong>verbis</strong></span> <span class='ocrx_word' id='word_1_85' title='bbox 1868 1238 2104 1295; x_wconf 80' lang='lat' dir='ltr'><strong>pugnant.</strong></span> <span class='ocrx_word' id='word_1_86' title='bbox 2171 1231 2432 1283; x_wconf 82' lang='lat' dir='ltr'><strong>Quomodo</strong></span> 
     </span>
     <span class='ocr_line' id='line_1_10' title="bbox 427 1297 2433 1359; baseline -0.001 -12"><span class='ocrx_word' id='word_1_87' title='bbox 427 1299 562 1347; x_wconf 88' lang='lat' dir='ltr'><strong>enim</strong></span> <span class='ocrx_word' id='word_1_88' title='bbox 597 1298 650 1346; x_wconf 88' lang='lat' dir='ltr'><strong>in</strong></span> <span class='ocrx_word' id='word_1_89' title='bbox 687 1312 834 1345; x_wconf 85' lang='lat' dir='ltr'><strong>curru</strong></span> <span class='ocrx_word' id='word_1_90' title='bbox 869 1298 974 1345; x_wconf 81' lang='lat' dir='ltr'><strong>eine</strong></span> <span class='ocrx_word' id='word_1_91' title='bbox 1013 1298 1234 1345; x_wconf 83' lang='lat' dir='ltr'><strong>curribus</strong></span> <span class='ocrx_word' id='word_1_92' title='bbox 1273 1298 1458 1345; x_wconf 83' lang='lat' dir='ltr'><strong>feratur</strong></span> <span class='ocrx_word' id='word_1_93' title='bbox 1494 1297 1719 1359; x_wconf 75' lang='lat' dir='ltr'><strong>Auriga?</strong></span> <span class='ocrx_word' id='word_1_94' title='bbox 1788 1299 1940 1345; x_wconf 62' lang='lat' dir='ltr'><strong>Fines</strong></span> <span class='ocrx_word' id='word_1_95' title='bbox 1970 1304 2045 1345; x_wconf 81' lang='lat' dir='ltr'><strong>est</strong></span> <span class='ocrx_word' id='word_1_96' title='bbox 2064 1312 2127 1345; x_wconf 81' lang='lat' dir='ltr'><strong>ex</strong></span> <span class='ocrx_word' id='word_1_97' title='bbox 2151 1298 2320 1356; x_wconf 75' lang='lat' dir='ltr'><strong>Arato,</strong></span> <span class='ocrx_word' id='word_1_98' title='bbox 2346 1298 2433 1346; x_wconf 81' lang='lat' dir='ltr'><strong>sed</strong></span> 
     </span>
     <span class='ocr_line' id='line_1_11' title="bbox 425 1361 2431 1424; baseline -0 -13"><span class='ocrx_word' id='word_1_99' title='bbox 425 1363 630 1411; x_wconf 87' lang='lat' dir='ltr'><strong>meliore</strong></span> <span class='ocrx_word' id='word_1_100' title='bbox 650 1362 702 1409; x_wconf 88' lang='lat' dir='ltr'><strong>in</strong></span> <span class='ocrx_word' id='word_1_101' title='bbox 726 1362 850 1409; x_wconf 88' lang='lat' dir='ltr'><strong>loco.</strong></span> <span class='ocrx_word' id='word_1_102' title='bbox 915 1362 1012 1409; x_wconf 88' lang='lat' dir='ltr'><strong>Pro</strong></span> <span class='ocrx_word' id='word_1_103' title='bbox 1049 1366 1103 1410; x_wconf 80' lang='lat' dir='ltr'><strong>in</strong></span> <span class='ocrx_word' id='word_1_104' title='bbox 1139 1376 1286 1410; x_wconf 77' lang='lat' dir='ltr'><strong>curru</strong></span> <span class='ocrx_word' id='word_1_105' title='bbox 1321 1362 1586 1424; x_wconf 84' lang='lat' dir='ltr'><strong>legendum</strong></span> <span class='ocrx_word' id='word_1_106' title='bbox 1624 1365 1865 1411; x_wconf 77' lang='lat' dir='ltr'><strong>incurvus.</strong></span> <span class='ocrx_word' id='word_1_107' title='bbox 1934 1361 2097 1423; x_wconf 85' lang='lat' dir='ltr'>Igitur</span> <span class='ocrx_word' id='word_1_108' title='bbox 2121 1361 2252 1409; x_wconf 89' lang='lat' dir='ltr'><strong>haud</strong></span> <span class='ocrx_word' id='word_1_109' title='bbox 2286 1362 2431 1410; x_wconf 87' lang='lat' dir='ltr'><strong>dubie</strong></span> 
     </span>
     <span class='ocr_line' id='line_1_12' title="bbox 427 1425 2433 1489; baseline -0 -13"><span class='ocrx_word' id='word_1_110' title='bbox 427 1429 578 1476; x_wconf 85' lang='lat' dir='ltr'><strong>etiam</strong></span> <span class='ocrx_word' id='word_1_111' title='bbox 611 1441 698 1489; x_wconf 89' lang='lat' dir='ltr'><strong>pro</strong></span> <span class='ocrx_word' id='word_1_112' title='bbox 721 1428 861 1489; x_wconf 69' lang='lat' dir='ltr'><strong>fimas</strong></span> <span class='ocrx_word' id='word_1_113' title='bbox 896 1429 1055 1484; x_wconf 75' lang='lat' dir='ltr'><strong>nixus,</strong></span> <span class='ocrx_word' id='word_1_114' title='bbox 1092 1442 1208 1474; x_wconf 86' lang='lat' dir='ltr'><strong>nam</strong></span> <span class='ocrx_word' id='word_1_115' title='bbox 1248 1432 1298 1473; x_wconf 85' lang='lat' dir='ltr'><strong>et</strong></span> <span class='ocrx_word' id='word_1_116' title='bbox 1329 1428 1475 1474; x_wconf 82' lang='lat' dir='ltr'><strong>nixus</strong></span> <span class='ocrx_word' id='word_1_117' title='bbox 1510 1434 1560 1475; x_wconf 88' lang='grc' dir='ltr'><strong>ει</strong></span> <span class='ocrx_word' id='word_1_118' title='bbox 1590 1427 1822 1475; x_wconf 77' lang='lat' dir='ltr'><strong>incurvus</strong></span> <span class='ocrx_word' id='word_1_119' title='bbox 1857 1433 1931 1474; x_wconf 80' lang='lat' dir='ltr'><strong>est</strong></span> <span class='ocrx_word' id='word_1_120' title='bbox 1963 1425 2215 1489; x_wconf 76' lang='lat' dir='ltr'><strong>Myrtilus.</strong></span> <span class='ocrx_word' id='word_1_121' title='bbox 2278 1425 2433 1475; x_wconf 78' lang='lat' dir='ltr'><strong>Fixus</strong></span> 
     </span>
     <span class='ocr_line' id='line_1_13' title="bbox 427 1489 2434 1553; baseline -0.001 -12"><span class='ocrx_word' id='word_1_122' title='bbox 427 1498 593 1541; x_wconf 86' lang='lat' dir='ltr'><strong>autem</strong></span> <span class='ocrx_word' id='word_1_123' title='bbox 627 1492 688 1540; x_wconf 83' lang='lat' dir='ltr'><strong>ab</strong></span> <span class='ocrx_word' id='word_1_124' title='bbox 727 1492 892 1553; x_wconf 89' lang='lat' dir='ltr'><strong>inepto</strong></span> <span class='ocrx_word' id='word_1_125' title='bbox 931 1506 992 1539; x_wconf 84' lang='lat' dir='ltr'><strong>ex</strong></span> <span class='ocrx_word' id='word_1_126' title='bbox 1025 1490 1178 1539; x_wconf 84' lang='lat' dir='ltr'><strong>Arato</strong></span> <span class='ocrx_word' id='word_1_127' title='bbox 1215 1492 1494 1540; x_wconf 82' lang='lat' dir='ltr'><strong>confictum.</strong></span> <span class='ocrx_word' id='word_1_128' title='bbox 1566 1492 1683 1539; x_wconf 80' lang='lat' dir='ltr'><strong>Sine</strong></span> <span class='ocrx_word' id='word_1_129' title='bbox 1720 1490 1935 1539; x_wconf 78' lang='lat' dir='ltr'><strong>curribus</strong></span> <span class='ocrx_word' id='word_1_130' title='bbox 1969 1489 2096 1552; x_wconf 67' lang='lat' dir='ltr'><strong>illis]</strong></span> <span class='ocrx_word' id='word_1_131' title='bbox 2133 1491 2297 1552; x_wconf 86' lang='lat' dir='ltr'><strong>Lege:</strong></span> <span class='ocrx_word' id='word_1_132' title='bbox 2333 1493 2434 1539; x_wconf 79' lang='lat' dir='ltr'><strong>sine</strong></span> 
     </span>
     <span class='ocr_line' id='line_1_14' title="bbox 428 1555 2433 1618; baseline 0 -13"><span class='ocrx_word' id='word_1_133' title='bbox 428 1556 643 1605; x_wconf 76' lang='lat' dir='ltr'><strong>curribus</strong></span> <span class='ocrx_word' id='word_1_134' title='bbox 676 1557 806 1603; x_wconf 79' lang='lat' dir='ltr'><strong>ullis.</strong></span> <span class='ocrx_word' id='word_1_135' title='bbox 879 1556 1062 1617; x_wconf 83' lang='lat' dir='ltr'><strong>Supra:</strong></span> <span class='ocrx_word' id='word_1_136' title='bbox 1098 1556 1180 1604; x_wconf 83' lang='lat' dir='ltr'><strong>Sic</strong></span> <span class='ocrx_word' id='word_1_137' title='bbox 1201 1557 1326 1603; x_wconf 77' lang='lat' dir='ltr'><strong>nulli</strong></span> <span class='ocrx_word' id='word_1_138' title='bbox 1345 1572 1526 1604; x_wconf 79' lang='lat' dir='ltr'><strong>currus.</strong></span> <span class='ocrx_word' id='word_1_139' title='bbox 1593 1557 1783 1605; x_wconf 82' lang='lat' dir='ltr'><strong>Caetera</strong></span> <span class='ocrx_word' id='word_1_140' title='bbox 1818 1556 1888 1603; x_wconf 84' lang='lat' dir='ltr'><strong>ita</strong></span> <span class='ocrx_word' id='word_1_141' title='bbox 1921 1556 2157 1618; x_wconf 84' lang='lat' dir='ltr'><strong>legenda:</strong></span> <span class='ocrx_word' id='word_1_142' title='bbox 2197 1555 2433 1605; x_wconf 76' lang='lat' dir='ltr'><strong><em>Trahitur</em></strong></span> 
     </span>
     <span class='ocr_line' id='line_1_15' title="bbox 427 1620 2433 1683; baseline 0 -14"><span class='ocrx_word' id='word_1_143' title='bbox 427 1624 530 1669; x_wconf 80' lang='lat' dir='ltr'><strong>sine</strong></span> <span class='ocrx_word' id='word_1_144' title='bbox 569 1620 786 1669; x_wconf 75' lang='lat' dir='ltr'><strong>curribus</strong></span> <span class='ocrx_word' id='word_1_145' title='bbox 822 1620 937 1669; x_wconf 76' lang='lat' dir='ltr'><strong>ullis</strong></span> <span class='ocrx_word' id='word_1_146' title='bbox 973 1620 1226 1683; x_wconf 61' lang='lat' dir='ltr'><strong>Illyrtilus.</strong></span> <span class='ocrx_word' id='word_1_147' title='bbox 1293 1620 1448 1669; x_wconf 76' lang='lat' dir='ltr'><strong><em>Haud</em></strong></span> <span class='ocrx_word' id='word_1_148' title='bbox 1484 1627 1634 1669; x_wconf 79' lang='lat' dir='ltr'><strong>totum</strong></span> <span class='ocrx_word' id='word_1_149' title='bbox 1669 1636 1859 1677; x_wconf 78' lang='lat' dir='ltr'><strong>cernes3</strong></span> <span class='ocrx_word' id='word_1_150' title='bbox 1892 1636 1987 1667; x_wconf 78' lang='lat' dir='ltr'><strong>non</strong></span> <span class='ocrx_word' id='word_1_151' title='bbox 2017 1624 2198 1681; x_wconf 75' lang='lat' dir='ltr'><strong>inteqer</strong></span> <span class='ocrx_word' id='word_1_152' title='bbox 2232 1623 2331 1683; x_wconf 75' lang='lat' dir='ltr'><strong>ipse</strong></span> <span class='ocrx_word' id='word_1_153' title='bbox 2365 1620 2433 1669; x_wconf 75' lang='lat' dir='ltr'><strong>In</strong></span> 
     </span>
     <span class='ocr_line' id='line_1_16' title="bbox 428 1683 2432 1749; baseline -0.001 -14"><span class='ocrx_word' id='word_1_154' title='bbox 428 1686 598 1735; x_wconf 73' lang='lat' dir='ltr'><strong>coelum</strong></span> <span class='ocrx_word' id='word_1_155' title='bbox 617 1685 760 1734; x_wconf 79' lang='lat' dir='ltr'><strong>redit.</strong></span> <span class='ocrx_word' id='word_1_156' title='bbox 822 1683 888 1732; x_wconf 78' lang='lat' dir='ltr'><strong>At</strong></span> <span class='ocrx_word' id='word_1_157' title='bbox 915 1700 1036 1747; x_wconf 79' lang='lat' dir='ltr'><strong>pars</strong></span> <span class='ocrx_word' id='word_1_158' title='bbox 1071 1686 1264 1733; x_wconf 73' lang='lat' dir='ltr'><strong>dextera</strong></span> <span class='ocrx_word' id='word_1_159' title='bbox 1299 1689 1529 1749; x_wconf 73' lang='lat' dir='ltr'><strong>meryitur</strong></span> <span class='ocrx_word' id='word_1_160' title='bbox 1564 1686 1721 1733; x_wconf 79' lang='lat' dir='ltr'><strong>undis.</strong></span> <span class='ocrx_word' id='word_1_161' title='bbox 1785 1685 1949 1733; x_wconf 80' lang='lat' dir='ltr'>Antea</span> <span class='ocrx_word' id='word_1_162' title='bbox 1969 1685 2249 1746; x_wconf 84' lang='lat' dir='ltr'><strong>legebatur:</strong></span> <span class='ocrx_word' id='word_1_163' title='bbox 2284 1685 2432 1747; x_wconf 80' lang='lat' dir='ltr'><strong>Myr-</strong></span> 
     </span>
     <span class='ocr_line' id='line_1_17' title="bbox 430 1750 2432 1813; baseline 0 -15"><span class='ocrx_word' id='word_1_164' title='bbox 430 1752 561 1808; x_wconf 70' lang='lat' dir='ltr'><strong>titus,</strong></span> <span class='ocrx_word' id='word_1_165' title='bbox 601 1757 686 1798; x_wconf 77' lang='lat' dir='ltr'><strong>aut</strong></span> <span class='ocrx_word' id='word_1_166' title='bbox 723 1755 874 1797; x_wconf 79' lang='lat' dir='ltr'><strong>totum</strong></span> <span class='ocrx_word' id='word_1_167' title='bbox 912 1765 1116 1808; x_wconf 79' lang='lat' dir='ltr'><strong>cernens,</strong></span> <span class='ocrx_word' id='word_1_168' title='bbox 1157 1764 1264 1797; x_wconf 84' lang='lat' dir='ltr'><strong>cum</strong></span> <span class='ocrx_word' id='word_1_169' title='bbox 1283 1752 1447 1798; x_wconf 72' lang='lat' dir='ltr'><strong>interit</strong></span> <span class='ocrx_word' id='word_1_170' title='bbox 1467 1753 1627 1813; x_wconf 80' lang='lat' dir='ltr'><strong>ipsum</strong></span> <span class='ocrx_word' id='word_1_171' title='bbox 1646 1750 1711 1797; x_wconf 75' lang='lat' dir='ltr'><strong>In</strong></span> <span class='ocrx_word' id='word_1_172' title='bbox 1734 1751 1900 1798; x_wconf 80' lang='lat' dir='ltr'><strong>coelum</strong></span> <span class='ocrx_word' id='word_1_173' title='bbox 1925 1751 2065 1810; x_wconf 80' lang='lat' dir='ltr'><strong>redit,</strong></span> <span class='ocrx_word' id='word_1_174' title='bbox 2090 1756 2134 1797; x_wconf 79' lang='lat' dir='ltr'><strong>et</strong></span> <span class='ocrx_word' id='word_1_175' title='bbox 2149 1766 2201 1813; x_wconf 85' lang='lat' dir='ltr'><strong>p.</strong></span> <span class='ocrx_word' id='word_1_176' title='bbox 2225 1750 2275 1798; x_wconf 81' lang='lat' dir='ltr'><strong>d.</strong></span> <span class='ocrx_word' id='word_1_177' title='bbox 2294 1765 2360 1798; x_wconf 86' lang='lat' dir='ltr'><strong>m.</strong></span> <span class='ocrx_word' id='word_1_178' title='bbox 2382 1766 2432 1798; x_wconf 77' lang='lat' dir='ltr'><strong>u.</strong></span> 
     </span>
     <span class='ocr_line' id='line_1_18' title="bbox 434 1814 2433 1863; baseline -0.001 0"><span class='ocrx_word' id='word_1_179' title='bbox 434 1816 607 1863; x_wconf 74' lang='lat' dir='ltr'><strong>Gno&#39;r.</strong></span> <span class='ocrx_word' id='word_1_180' title='bbox 678 1814 860 1862; x_wconf 80' lang='lat' dir='ltr'><strong>Nostra</strong></span> <span class='ocrx_word' id='word_1_181' title='bbox 901 1815 1131 1862; x_wconf 87' lang='lat' dir='ltr'><strong>correctio</strong></span> <span class='ocrx_word' id='word_1_182' title='bbox 1171 1830 1350 1862; x_wconf 90' lang='lat' dir='ltr'><strong>nomen</strong></span> <span class='ocrx_word' id='word_1_183' title='bbox 1389 1830 1534 1862; x_wconf 84' lang='lat' dir='ltr'><strong>snum</strong></span> <span class='ocrx_word' id='word_1_184' title='bbox 1572 1821 1749 1862; x_wconf 86' lang='lat' dir='ltr'><strong>tuetur.</strong></span> <span class='ocrx_word' id='word_1_185' title='bbox 1816 1814 2041 1862; x_wconf 89' lang='lat' dir='ltr'><strong>Primum</strong></span> <span class='ocrx_word' id='word_1_186' title='bbox 2075 1817 2207 1863; x_wconf 84' lang='lat' dir='ltr'><strong>enim</strong></span> <span class='ocrx_word' id='word_1_187' title='bbox 2228 1830 2257 1862; x_wconf 85' lang='lat' dir='ltr'><strong>a</strong></span> <span class='ocrx_word' id='word_1_188' title='bbox 2279 1815 2433 1862; x_wconf 84' lang='lat' dir='ltr'><strong>literis</strong></span> 
     </span>
     <span class='ocr_line' id='line_1_19' title="bbox 429 1877 2433 1961; baseline 0 -34"><span class='ocrx_word' id='word_1_189' title='bbox 429 1881 596 1958; x_wconf 54' lang='lat' dir='ltr'><strong>mir&#39;rus</strong></span> <span class='ocrx_word' id='word_1_190' title='bbox 619 1880 815 1959; x_wconf 54' lang='lat' dir='ltr'><strong>recedit,</strong></span> <span class='ocrx_word' id='word_1_191' title='bbox 850 1879 1042 1959; x_wconf 60' lang='lat' dir='ltr'><strong>Deincle</strong></span> <span class='ocrx_word' id='word_1_192' title='bbox 1065 1880 1306 1959; x_wconf 66' lang='lat' dir='ltr'><strong>conseruit</strong></span> <span class='ocrx_word' id='word_1_193' title='bbox 1338 1878 1478 1955; x_wconf 61' lang='lat' dir='ltr'><strong>Arati</strong></span> <span class='ocrx_word' id='word_1_194' title='bbox 1502 1878 1810 1961; x_wconf 63' lang='lat' dir='ltr'><strong>versuiylss:</strong></span> <span class='ocrx_word' id='word_1_195' title='bbox 1846 1878 2055 1943; x_wconf 72' lang='grc' dir='ltr'><strong>μοίρῃγε</strong></span> <span class='ocrx_word' id='word_1_196' title='bbox 2088 1878 2183 1943; x_wconf 85' lang='grc' dir='ltr'><strong>μὲν</strong></span> <span class='ocrx_word' id='word_1_197' title='bbox 2218 1878 2311 1926; x_wconf 75' lang='grc' dir='ltr'><strong>οὐκ</strong></span> <span class='ocrx_word' id='word_1_198' title='bbox 2346 1877 2433 1927; x_wconf 77' lang='grc' dir='ltr'><strong>ἐπὶ</strong></span> 
     </span>
     <span class='ocr_line' id='line_1_20' title="bbox 430 1940 2435 2073; baseline 0 -16"><span class='ocrx_word' id='word_1_199' title='bbox 430 1942 856 2072; x_wconf 57' lang='grc' dir='ltr'><strong>ἱὲἴοῖ-Ῠτὲεῗέίῗξ</strong></span> <span class='ocrx_word' id='word_1_200' title='bbox 868 1940 1481 2072; x_wconf 56' lang='grc' dir='ltr'><strong>,ῗῶῗέξλὲἒγιδὲἳῖμὲἒιῖᾗ</strong></span> <span class='ocrx_word' id='word_1_201' title='bbox 1507 1943 2253 2073; x_wconf 49' lang='grc' dir='ltr'><strong>’ἴέύὲᾆλίζμῖζῖῖἑῖὲαίὲὶ</strong></span> <span class='ocrx_word' id='word_1_202' title='bbox 2274 1942 2435 2059; x_wconf 58' lang='grc' dir='ltr'><strong>ἔρὶῗὲἑ</strong></span> 
     </span>
     <span class='ocr_line' id='line_1_21' title="bbox 431 2073 2435 2135; baseline 0 -14"><span class='ocrx_word' id='word_1_203' title='bbox 431 2082 521 2131; x_wconf 78' lang='grc' dir='ltr'><strong>εει,</strong></span> <span class='ocrx_word' id='word_1_204' title='bbox 545 2075 804 2135; x_wconf 83' lang='lat' dir='ltr'><strong>interprete</strong></span> <span class='ocrx_word' id='word_1_205' title='bbox 829 2073 1018 2130; x_wconf 85' lang='lat' dir='ltr'><strong>Grotio‚</strong></span> <span class='ocrx_word' id='word_1_206' title='bbox 1056 2089 1181 2122; x_wconf 82' lang='lat' dir='ltr'><strong>vers.</strong></span> <span class='ocrx_word' id='word_1_207' title='bbox 1204 2073 1300 2124; x_wconf 90' lang='grc'><strong>752</strong></span> <span class='ocrx_word' id='word_1_208' title='bbox 1319 2090 1331 2119; x_wconf 76' lang='lat' dir='ltr'><strong>t</strong></span> <span class='ocrx_word' id='word_1_209' title='bbox 1370 2074 1521 2131; x_wconf 82' lang='lat' dir='ltr'><strong><em>Quem</em></strong></span> <span class='ocrx_word' id='word_1_210' title='bbox 1543 2080 1699 2121; x_wconf 80' lang='lat' dir='ltr'><strong>tamen</strong></span> <span class='ocrx_word' id='word_1_211' title='bbox 1720 2074 1849 2121; x_wconf 79' lang='lat' dir='ltr'><strong>haud</strong></span> <span class='ocrx_word' id='word_1_212' title='bbox 1871 2080 2019 2121; x_wconf 78' lang='lat' dir='ltr'><strong>totum</strong></span> <span class='ocrx_word' id='word_1_213' title='bbox 2039 2076 2143 2122; x_wconf 77' lang='lat' dir='ltr'><strong>dias</strong></span> <span class='ocrx_word' id='word_1_214' title='bbox 2163 2076 2218 2121; x_wconf 77' lang='lat' dir='ltr'><strong>in</strong></span> <span class='ocrx_word' id='word_1_215' title='bbox 2242 2075 2435 2135; x_wconf 77' lang='lat' dir='ltr'><strong>luminis</strong></span> 
     </span>
     <span class='ocr_line' id='line_1_22' title="bbox 432 2138 2434 2201; baseline 0.001 -17"><span class='ocrx_word' id='word_1_216' title='bbox 432 2153 579 2186; x_wconf 80' lang='lat' dir='ltr'><strong>auras</strong></span> <span class='ocrx_word' id='word_1_217' title='bbox 613 2138 808 2185; x_wconf 74' lang='lat' dir='ltr'><strong>Taurus</strong></span> <span class='ocrx_word' id='word_1_218' title='bbox 829 2140 932 2200; x_wconf 76' lang='lat' dir='ltr'><strong>ayit</strong></span> <span class='ocrx_word' id='word_1_219' title='bbox 949 2154 965 2184; x_wconf 92' lang='lat'><strong>.·</strong></span> <span class='ocrx_word' id='word_1_220' title='bbox 1004 2138 1216 2185; x_wconf 69' lang='lat' dir='ltr'><strong>Geminis</strong></span> <span class='ocrx_word' id='word_1_221' title='bbox 1249 2139 1331 2185; x_wconf 79' lang='lat' dir='ltr'><strong>sed</strong></span> <span class='ocrx_word' id='word_1_222' title='bbox 1367 2142 1492 2185; x_wconf 79' lang='lat' dir='ltr'><strong>enim</strong></span> <span class='ocrx_word' id='word_1_223' title='bbox 1527 2139 1785 2201; x_wconf 78' lang='lat' dir='ltr'><strong>completur</strong></span> <span class='ocrx_word' id='word_1_224' title='bbox 1816 2141 1869 2186; x_wconf 80' lang='lat' dir='ltr'><strong>in</strong></span> <span class='ocrx_word' id='word_1_225' title='bbox 1902 2140 2036 2201; x_wconf 75' lang='lat' dir='ltr'><strong>ipsis.</strong></span> <span class='ocrx_word' id='word_1_226' title='bbox 2104 2139 2194 2185; x_wconf 80' lang='lat' dir='ltr'><strong>Sed</strong></span> <span class='ocrx_word' id='word_1_227' title='bbox 2224 2139 2434 2201; x_wconf 74' lang='lat' dir='ltr'><strong>duplices</strong></span> 
     </span>
     <span class='ocr_line' id='line_1_23' title="bbox 433 2201 2435 2265; baseline 0.001 -16"><span class='ocrx_word' id='word_1_228' title='bbox 433 2201 572 2263; x_wconf 57' lang='lat' dir='ltr'><strong>hasti,</strong></span> <span class='ocrx_word' id='word_1_229' title='bbox 595 2208 641 2250; x_wconf 79' lang='lat' dir='ltr'><strong>et</strong></span> <span class='ocrx_word' id='word_1_230' title='bbox 661 2218 768 2250; x_wconf 79' lang='lat' dir='ltr'><strong>cum</strong></span> <span class='ocrx_word' id='word_1_231' title='bbox 795 2201 966 2263; x_wconf 78' lang='lat' dir='ltr'><strong>planta</strong></span> <span class='ocrx_word' id='word_1_232' title='bbox 987 2217 1133 2265; x_wconf 82' lang='lat' dir='ltr'><strong>capra</strong></span> <span class='ocrx_word' id='word_1_233' title='bbox 1152 2206 1348 2250; x_wconf 77' lang='lat' dir='ltr'><strong>sinistra</strong></span> <span class='ocrx_word' id='word_1_234' title='bbox 1375 2204 1496 2251; x_wconf 79' lang='lat' dir='ltr'><strong>Cum</strong></span> <span class='ocrx_word' id='word_1_235' title='bbox 1519 2202 1630 2250; x_wconf 88' lang='lat' dir='ltr'><strong>bove</strong></span> <span class='ocrx_word' id='word_1_236' title='bbox 1649 2218 1698 2250; x_wconf 83' lang='lat' dir='ltr'><strong>se</strong></span> <span class='ocrx_word' id='word_1_237' title='bbox 1720 2205 1905 2252; x_wconf 78' lang='lat' dir='ltr'><strong>tollunt.</strong></span> <span class='ocrx_word' id='word_1_238' title='bbox 1973 2204 2201 2265; x_wconf 88' lang='lat' dir='ltr'><strong>Denique</strong></span> <span class='ocrx_word' id='word_1_239' title='bbox 2222 2203 2435 2252; x_wconf 82' lang='lat' dir='ltr'><strong>eohaeret</strong></span> 
     </span>
     <span class='ocr_line' id='line_1_24' title="bbox 434 2267 2434 2330; baseline 0.002 -16"><span class='ocrx_word' id='word_1_240' title='bbox 434 2269 602 2315; x_wconf 81' lang='lat' dir='ltr'><strong>oratio.</strong></span> <span class='ocrx_word' id='word_1_241' title='bbox 670 2267 842 2317; x_wconf 82' lang='lat' dir='ltr'><strong>Quum</strong></span> <span class='ocrx_word' id='word_1_242' title='bbox 883 2274 1050 2315; x_wconf 79' lang='lat' dir='ltr'><strong>contra</strong></span> <span class='ocrx_word' id='word_1_243' title='bbox 1086 2267 1244 2315; x_wconf 82' lang='lat' dir='ltr'><strong>Grotii</strong></span> <span class='ocrx_word' id='word_1_244' title='bbox 1279 2268 1517 2330; x_wconf 83' lang='lat' dir='ltr'><strong>oppositio</strong></span> <span class='ocrx_word' id='word_1_245' title='bbox 1538 2283 1626 2330; x_wconf 88' lang='lat' dir='ltr'><strong>per</strong></span> <span class='ocrx_word' id='word_1_246' title='bbox 1647 2269 1935 2330; x_wconf 82' lang='lat' dir='ltr'><strong>particulam</strong></span> <span class='ocrx_word' id='word_1_247' title='bbox 1958 2274 2009 2315; x_wconf 80' lang='lat' dir='ltr'><strong>at</strong></span> <span class='ocrx_word' id='word_1_248' title='bbox 2031 2269 2250 2317; x_wconf 83' lang='lat' dir='ltr'><strong>videatur</strong></span> <span class='ocrx_word' id='word_1_249' title='bbox 2268 2268 2434 2317; x_wconf 85' lang='lat' dir='ltr'><strong>locum</strong></span> 
     </span>
     <span class='ocr_line' id='line_1_25' title="bbox 433 2330 2435 2394; baseline 0.001 -15"><span class='ocrx_word' id='word_1_250' title='bbox 433 2332 516 2380; x_wconf 82' lang='lat' dir='ltr'><strong>hic</strong></span> <span class='ocrx_word' id='word_1_251' title='bbox 553 2330 750 2379; x_wconf 85' lang='lat' dir='ltr'><strong>nullum</strong></span> <span class='ocrx_word' id='word_1_252' title='bbox 783 2332 978 2391; x_wconf 79' lang='lat' dir='ltr'><strong>habere,</strong></span> <span class='ocrx_word' id='word_1_253' title='bbox 1015 2346 1107 2379; x_wconf 85' lang='lat' dir='ltr'><strong>nec</strong></span> <span class='ocrx_word' id='word_1_254' title='bbox 1139 2332 1328 2394; x_wconf 84' lang='lat' dir='ltr'><strong>reliqua</strong></span> <span class='ocrx_word' id='word_1_255' title='bbox 1360 2332 1641 2394; x_wconf 83' lang='lat' dir='ltr'><strong>conjectura</strong></span> <span class='ocrx_word' id='word_1_256' title='bbox 1676 2334 1793 2381; x_wconf 82' lang='lat' dir='ltr'><strong>satis</strong></span> <span class='ocrx_word' id='word_1_257' title='bbox 1814 2333 2119 2381; x_wconf 83' lang='lat' dir='ltr'><strong>commodam</strong></span> <span class='ocrx_word' id='word_1_258' title='bbox 2142 2334 2435 2382; x_wconf 83' lang='lat' dir='ltr'><strong>sententiam</strong></span> 
     </span>
     <span class='ocr_line' id='line_1_26' title="bbox 434 2396 2431 2455; baseline 0.002 -12"><span class='ocrx_word' id='word_1_259' title='bbox 434 2397 661 2445; x_wconf 86' lang='lat' dir='ltr'><strong>fundere.</strong></span> <span class='ocrx_word' id='word_1_260' title='bbox 721 2396 895 2444; x_wconf 85' lang='lat' dir='ltr'><strong>Jovem</strong></span> <span class='ocrx_word' id='word_1_261' title='bbox 919 2403 1084 2444; x_wconf 85' lang='lat' dir='ltr'><strong>autem</strong></span> <span class='ocrx_word' id='word_1_262' title='bbox 1122 2396 1341 2444; x_wconf 86' lang='lat' dir='ltr'><strong>Taurum</strong></span> <span class='ocrx_word' id='word_1_263' title='bbox 1375 2412 1499 2455; x_wconf 84' lang='lat' dir='ltr'><strong>esse,</strong></span> <span class='ocrx_word' id='word_1_264' title='bbox 1535 2404 1708 2445; x_wconf 88' lang='lat' dir='ltr'><strong>notum</strong></span> <span class='ocrx_word' id='word_1_265' title='bbox 1732 2405 1805 2446; x_wconf 83' lang='lat' dir='ltr'><strong>est</strong></span> <span class='ocrx_word' id='word_1_266' title='bbox 1826 2413 1886 2445; x_wconf 84' lang='lat' dir='ltr'><strong>ex</strong></span> <span class='ocrx_word' id='word_1_267' title='bbox 1909 2397 2431 2447; x_wconf 61' lang='lat' dir='ltr'><strong>fabula—sen.—</strong></span> 
     </span>
     <span class='ocr_line' id='line_1_27' title="bbox 433 2459 2436 2525; baseline 0.001 -16"><span class='ocrx_word' id='word_1_268' title='bbox 433 2460 590 2509; x_wconf 74' lang='lat' dir='ltr'><strong>Fixus</strong></span> <span class='ocrx_word' id='word_1_269' title='bbox 611 2468 665 2509; x_wconf 80' lang='lat' dir='ltr'><strong>ut</strong></span> <span class='ocrx_word' id='word_1_270' title='bbox 685 2464 738 2509; x_wconf 80' lang='lat' dir='ltr'><strong>in</strong></span> <span class='ocrx_word' id='word_1_271' title='bbox 759 2459 929 2522; x_wconf 68' lang='lat' dir='ltr'><strong>cvm-u]</strong></span> <span class='ocrx_word' id='word_1_272' title='bbox 980 2460 1177 2510; x_wconf 84' lang='lat' dir='ltr'><strong>Halma.</strong></span> <span class='ocrx_word' id='word_1_273' title='bbox 1213 2460 1366 2509; x_wconf 69' lang='lat' dir='ltr'><strong>Fixus</strong></span> <span class='ocrx_word' id='word_1_274' title='bbox 1387 2463 1506 2509; x_wconf 78' lang='lat' dir='ltr'><strong>etin</strong></span> <span class='ocrx_word' id='word_1_275' title='bbox 1528 2477 1670 2510; x_wconf 80' lang='lat' dir='ltr'><strong>curru</strong></span> <span class='ocrx_word' id='word_1_276' title='bbox 1706 2462 1934 2525; x_wconf 85' lang='lat' dir='ltr'><strong>BEng.</strong></span> <span class='ocrx_word' id='word_1_277' title='bbox 1966 2463 2125 2511; x_wconf 80' lang='lat' dir='ltr'><strong>Nixus</strong></span> <span class='ocrx_word' id='word_1_278' title='bbox 2148 2468 2192 2510; x_wconf 79' lang='lat' dir='ltr'><strong>et</strong></span> <span class='ocrx_word' id='word_1_279' title='bbox 2210 2466 2436 2511; x_wconf 75' lang='lat' dir='ltr'><strong>incurvus</strong></span> 
     </span>
     <span class='ocr_line' id='line_1_28' title="bbox 435 2524 2435 2591; baseline 0.001 -18"><span class='ocrx_word' id='word_1_280' title='bbox 435 2542 474 2573; x_wconf 85' lang='lat' dir='ltr'><strong>s.</strong></span> <span class='ocrx_word' id='word_1_281' title='bbox 499 2526 624 2589; x_wconf 86' lang='lat' dir='ltr'><strong>conj.</strong></span> <span class='ocrx_word' id='word_1_282' title='bbox 679 2525 854 2588; x_wconf 89' lang='lat' dir='ltr'><strong>(Ibid.)</strong></span> <span class='ocrx_word' id='word_1_283' title='bbox 891 2524 1029 2587; x_wconf 78' lang='lat' dir='ltr'><strong>ullis]</strong></span> <span class='ocrx_word' id='word_1_284' title='bbox 1078 2526 1140 2573; x_wconf 90' lang='lat' dir='ltr'><strong>E.</strong></span> <span class='ocrx_word' id='word_1_285' title='bbox 1175 2525 1374 2573; x_wconf 85' lang='lat' dir='ltr'><strong>firmans</strong></span> <span class='ocrx_word' id='word_1_286' title='bbox 1413 2528 1655 2577; x_wconf 82' lang='lat' dir='ltr'><strong>emendat.</strong></span> <span class='ocrx_word' id='word_1_287' title='bbox 1680 2542 1730 2590; x_wconf 81' lang='lat' dir='ltr'><strong>g.</strong></span> <span class='ocrx_word' id='word_1_288' title='bbox 1754 2528 1828 2577; x_wconf 76' lang='lat' dir='ltr'><strong>sb.</strong></span> <span class='ocrx_word' id='word_1_289' title='bbox 1861 2528 1960 2576; x_wconf 75' lang='lat' dir='ltr'><strong>illis</strong></span> <span class='ocrx_word' id='word_1_290' title='bbox 1998 2527 2141 2590; x_wconf 80' lang='lat' dir='ltr'><strong>BGg.</strong></span> <span class='ocrx_word' id='word_1_291' title='bbox 2176 2527 2435 2591; x_wconf 79' lang='lat' dir='ltr'><strong>(Myrtilos</strong></span> 
     </span>
     <span class='ocr_line' id='line_1_29' title="bbox 436 2589 1679 2653; baseline 0.002 -16"><span class='ocrx_word' id='word_1_292' title='bbox 436 2591 607 2653; x_wconf 75' lang='lat' dir='ltr'><strong>scripsi</strong></span> <span class='ocrx_word' id='word_1_293' title='bbox 631 2590 917 2638; x_wconf 82' lang='lat' dir='ltr'><strong>constantiae</strong></span> <span class='ocrx_word' id='word_1_294' title='bbox 939 2605 1086 2637; x_wconf 83' lang='lat' dir='ltr'><strong>causa</strong></span> <span class='ocrx_word' id='word_1_295' title='bbox 1106 2606 1193 2653; x_wconf 87' lang='lat' dir='ltr'><strong>pro</strong></span> <span class='ocrx_word' id='word_1_296' title='bbox 1218 2589 1679 2653; x_wconf 71' lang='lat' dir='ltr'><strong>Myrtilus.)-OR.</strong></span> 
     </span>
    </p>

    <p class='ocr_par' dir='ltr' id='par_1_5' title="bbox 435 2653 2435 2897">
     <span class='ocr_line' id='line_1_30' title="bbox 501 2653 2434 2717; baseline -0.002 -12"><span class='ocrx_word' id='word_1_297' title='bbox 501 2655 615 2705; x_wconf 87' lang='grc'><strong>715.</strong></span> <span class='ocrx_word' id='word_1_298' title='bbox 653 2653 830 2716; x_wconf 80' lang='lat' dir='ltr'><strong>Haud]</strong></span> <span class='ocrx_word' id='word_1_299' title='bbox 867 2655 925 2702; x_wconf 84' lang='lat' dir='ltr'><strong>de</strong></span> <span class='ocrx_word' id='word_1_300' title='bbox 946 2670 994 2717; x_wconf 86' lang='lat' dir='ltr'><strong>g.</strong></span> <span class='ocrx_word' id='word_1_301' title='bbox 1017 2656 1144 2717; x_wconf 88' lang='lat' dir='ltr'><strong>conj.</strong></span> <span class='ocrx_word' id='word_1_302' title='bbox 1173 2656 1245 2702; x_wconf 91' lang='lat' dir='ltr'><strong>sb.</strong></span> <span class='ocrx_word' id='word_1_303' title='bbox 1280 2662 1366 2703; x_wconf 74' lang='lat' dir='ltr'><strong>aut</strong></span> <span class='ocrx_word' id='word_1_304' title='bbox 1403 2655 1598 2717; x_wconf 81' lang='lat' dir='ltr'><strong>BEGg.</strong></span> <span class='ocrx_word' id='word_1_305' title='bbox 1650 2654 1823 2717; x_wconf 79' lang='lat' dir='ltr'><strong>(Ibid.)</strong></span> <span class='ocrx_word' id='word_1_306' title='bbox 1856 2653 2038 2717; x_wconf 74' lang='lat' dir='ltr'><strong>cernes]</strong></span> <span class='ocrx_word' id='word_1_307' title='bbox 2089 2654 2147 2702; x_wconf 92' lang='lat' dir='ltr'><strong>de</strong></span> <span class='ocrx_word' id='word_1_308' title='bbox 2168 2670 2219 2717; x_wconf 85' lang='lat' dir='ltr'><strong>g.</strong></span> <span class='ocrx_word' id='word_1_309' title='bbox 2244 2654 2434 2703; x_wconf 87' lang='lat' dir='ltr'><strong>emend.</strong></span> 
     </span>
     <span class='ocr_line' id='line_1_31' title="bbox 436 2718 2435 2782; baseline 0 -15"><span class='ocrx_word' id='word_1_310' title='bbox 436 2721 512 2767; x_wconf 82' lang='lat' dir='ltr'><strong>sb.</strong></span> <span class='ocrx_word' id='word_1_311' title='bbox 547 2734 740 2767; x_wconf 77' lang='lat' dir='ltr'><strong>cernens</strong></span> <span class='ocrx_word' id='word_1_312' title='bbox 773 2720 915 2781; x_wconf 83' lang='lat' dir='ltr'><strong>BGg.</strong></span> <span class='ocrx_word' id='word_1_313' title='bbox 950 2734 1122 2766; x_wconf 76' lang='lat' dir='ltr'><strong>cernen</strong></span> <span class='ocrx_word' id='word_1_314' title='bbox 1159 2734 1394 2781; x_wconf 84' lang='lat' dir='ltr'><strong>superscr.</strong></span> <span class='ocrx_word' id='word_1_315' title='bbox 1415 2734 1456 2767; x_wconf 90' lang='lat' dir='ltr'><strong>s.</strong></span> <span class='ocrx_word' id='word_1_316' title='bbox 1483 2720 1546 2767; x_wconf 87' lang='lat' dir='ltr'><strong>E.</strong></span> <span class='ocrx_word' id='word_1_317' title='bbox 1593 2719 1767 2782; x_wconf 84' lang='lat' dir='ltr'><strong>(Ibid.)</strong></span> <span class='ocrx_word' id='word_1_318' title='bbox 1801 2734 1907 2767; x_wconf 84' lang='lat' dir='ltr'><strong>cum</strong></span> <span class='ocrx_word' id='word_1_319' title='bbox 1941 2721 2105 2767; x_wconf 75' lang='lat' dir='ltr'><strong>interit</strong></span> <span class='ocrx_word' id='word_1_320' title='bbox 2136 2718 2315 2781; x_wconf 72' lang='lat' dir='ltr'><strong>ipsum]</strong></span> <span class='ocrx_word' id='word_1_321' title='bbox 2354 2720 2435 2767; x_wconf 85' lang='lat' dir='ltr'><strong>Sic</strong></span> 
     </span>
     <span class='ocr_line' id='line_1_32' title="bbox 435 2784 2434 2847; baseline 0 -14"><span class='ocrx_word' id='word_1_322' title='bbox 435 2791 658 2846; x_wconf 83' lang='lat' dir='ltr'><strong>corrupte</strong></span> <span class='ocrx_word' id='word_1_323' title='bbox 699 2784 893 2846; x_wconf 81' lang='lat' dir='ltr'><strong>BEGg.</strong></span> <span class='ocrx_word' id='word_1_324' title='bbox 941 2799 1039 2831; x_wconf 78' lang='lat' dir='ltr'><strong>non</strong></span> <span class='ocrx_word' id='word_1_325' title='bbox 1073 2787 1254 2847; x_wconf 75' lang='lat' dir='ltr'><strong>inteqer</strong></span> <span class='ocrx_word' id='word_1_326' title='bbox 1288 2787 1390 2847; x_wconf 79' lang='lat' dir='ltr'><strong>ipse</strong></span> <span class='ocrx_word' id='word_1_327' title='bbox 1418 2785 1478 2832; x_wconf 86' lang='lat' dir='ltr'><strong>de</strong></span> <span class='ocrx_word' id='word_1_328' title='bbox 1511 2800 1560 2847; x_wconf 83' lang='lat' dir='ltr'><strong>g.</strong></span> <span class='ocrx_word' id='word_1_329' title='bbox 1584 2784 1710 2847; x_wconf 83' lang='lat' dir='ltr'><strong>conj.</strong></span> <span class='ocrx_word' id='word_1_330' title='bbox 1733 2785 1782 2831; x_wconf 92' lang='lat' dir='ltr'><strong>b.</strong></span> <span class='ocrx_word' id='word_1_331' title='bbox 1816 2799 1959 2846; x_wconf 79' lang='lat' dir='ltr'><strong>quum</strong></span> <span class='ocrx_word' id='word_1_332' title='bbox 1997 2784 2226 2846; x_wconf 77' lang='lat' dir='ltr'><strong>Juppiter</strong></span> <span class='ocrx_word' id='word_1_333' title='bbox 2258 2786 2359 2846; x_wconf 78' lang='lat' dir='ltr'><strong>ipse</strong></span> <span class='ocrx_word' id='word_1_334' title='bbox 2393 2799 2434 2833; x_wconf 87' lang='lat' dir='ltr'><strong>s.</strong></span> 
     </span>
     <span class='ocr_line' id='line_1_33' title="bbox 435 2848 743 2897; baseline -0.006 0"><span class='ocrx_word' id='word_1_335' title='bbox 435 2848 743 2897; x_wconf 83' lang='lat' dir='ltr'><strong>con&#39;.—OR.</strong></span> 
     </span>
    </p>

    <p class='ocr_par' dir='ltr' id='par_1_6' title="bbox 434 2864 2435 3104">
     <span class='ocr_line' id='line_1_34' title="bbox 501 2864 2434 2977; baseline -0.001 -14"><span class='ocrx_word' id='word_1_336' title='bbox 501 2864 613 2963; x_wconf 59' lang='lat'><strong>7³16.</strong></span> <span class='ocrx_word' id='word_1_337' title='bbox 648 2912 794 2962; x_wconf 80' lang='lat' dir='ltr'><strong><em>Redit</em></strong></span> <span class='ocrx_word' id='word_1_338' title='bbox 813 2918 860 2959; x_wconf 83' lang='lat' dir='ltr'><strong>et</strong></span> <span class='ocrx_word' id='word_1_339' title='bbox 875 2927 991 2974; x_wconf 81' lang='lat' dir='ltr'><strong>pars</strong></span> <span class='ocrx_word' id='word_1_340' title='bbox 1013 2910 1230 2974; x_wconf 74' lang='lat' dir='ltr'><strong>dextera]</strong></span> <span class='ocrx_word' id='word_1_341' title='bbox 1265 2912 1365 2975; x_wconf 86' lang='lat' dir='ltr'><strong>Gg.</strong></span> <span class='ocrx_word' id='word_1_342' title='bbox 1414 2914 1541 2961; x_wconf 78' lang='lat' dir='ltr'><strong>redit</strong></span> <span class='ocrx_word' id='word_1_343' title='bbox 1571 2928 1688 2977; x_wconf 81' lang='lat' dir='ltr'><strong>pars</strong></span> <span class='ocrx_word' id='word_1_344' title='bbox 1724 2914 1914 2961; x_wconf 78' lang='lat' dir='ltr'><strong>dextera</strong></span> <span class='ocrx_word' id='word_1_345' title='bbox 1938 2911 1998 2959; x_wconf 91' lang='lat' dir='ltr'><strong>B.</strong></span> <span class='ocrx_word' id='word_1_346' title='bbox 2030 2912 2153 2961; x_wconf 70' lang='lat' dir='ltr'><strong>red-it</strong></span> <span class='ocrx_word' id='word_1_347' title='bbox 2176 2912 2434 2975; x_wconf 80' lang='lat' dir='ltr'><strong>(superscr.</strong></span> 
     </span>
     <span class='ocr_line' id='line_1_35' title="bbox 435 2975 2435 3041; baseline 0.001 -14"><span class='ocrx_word' id='word_1_348' title='bbox 435 2982 470 3035; x_wconf 81' lang='lat' dir='ltr'><strong>i,</strong></span> <span class='ocrx_word' id='word_1_349' title='bbox 494 2985 551 3025; x_wconf 85' lang='lat' dir='ltr'><strong>ut</strong></span> <span class='ocrx_word' id='word_1_350' title='bbox 570 2977 665 3025; x_wconf 67' lang='lat' dir='ltr'><strong>sits</strong></span> <span class='ocrx_word' id='word_1_351' title='bbox 697 2975 858 3034; x_wconf 76' lang='lat' dir='ltr'><strong>rediit)</strong></span> <span class='ocrx_word' id='word_1_352' title='bbox 887 2992 1005 3038; x_wconf 81' lang='lat' dir='ltr'><strong>pars</strong></span> <span class='ocrx_word' id='word_1_353' title='bbox 1043 2976 1208 3024; x_wconf 66' lang='lat' dir='ltr'><strong>dextra</strong></span> <span class='ocrx_word' id='word_1_354' title='bbox 1241 2978 1352 3038; x_wconf 81' lang='lat' dir='ltr'><strong>(sic)</strong></span> <span class='ocrx_word' id='word_1_355' title='bbox 1377 2978 1438 3027; x_wconf 88' lang='lat' dir='ltr'><strong>E.</strong></span> <span class='ocrx_word' id='word_1_356' title='bbox 1471 2979 1611 3037; x_wconf 79' lang='lat' dir='ltr'><strong>redit,</strong></span> <span class='ocrx_word' id='word_1_357' title='bbox 1646 2985 1700 3027; x_wconf 78' lang='lat' dir='ltr'><strong>at</strong></span> <span class='ocrx_word' id='word_1_358' title='bbox 1725 2992 1843 3041; x_wconf 81' lang='lat' dir='ltr'><strong>pars</strong></span> <span class='ocrx_word' id='word_1_359' title='bbox 1868 2978 2061 3026; x_wconf 74' lang='lat' dir='ltr'><strong>dextera</strong></span> <span class='ocrx_word' id='word_1_360' title='bbox 2084 2978 2143 3025; x_wconf 88' lang='lat' dir='ltr'><strong>de</strong></span> <span class='ocrx_word' id='word_1_361' title='bbox 2164 2992 2214 3039; x_wconf 74' lang='lat' dir='ltr'><strong>g.</strong></span> <span class='ocrx_word' id='word_1_362' title='bbox 2235 2979 2362 3040; x_wconf 87' lang='lat' dir='ltr'><strong>conj.</strong></span> <span class='ocrx_word' id='word_1_363' title='bbox 2384 2979 2435 3029; x_wconf 86' lang='lat' dir='ltr'><strong>b.</strong></span> 
     </span>
     <span class='ocr_line' id='line_1_36' title="bbox 434 3040 1158 3104; baseline -0.004 -13"><span class='ocrx_word' id='word_1_364' title='bbox 434 3044 560 3091; x_wconf 81' lang='lat' dir='ltr'><strong>redit</strong></span> <span class='ocrx_word' id='word_1_365' title='bbox 579 3047 624 3089; x_wconf 78' lang='lat' dir='ltr'><strong>et</strong></span> <span class='ocrx_word' id='word_1_366' title='bbox 639 3056 756 3104; x_wconf 84' lang='lat' dir='ltr'><strong>pars</strong></span> <span class='ocrx_word' id='word_1_367' title='bbox 779 3043 918 3089; x_wconf 77' lang='lat' dir='ltr'><strong>tertia</strong></span> <span class='ocrx_word' id='word_1_368' title='bbox 939 3040 1158 3088; x_wconf 62' lang='lat' dir='ltr'><strong>s.—OR„</strong></span> 
     </span>
    </p>

    <p class='ocr_par' dir='ltr' id='par_1_7' title="bbox 435 3104 2435 3493">
     <span class='ocr_line' id='line_1_37' title="bbox 503 3104 2435 3171; baseline 0.001 -18"><span class='ocrx_word' id='word_1_369' title='bbox 503 3106 614 3158; x_wconf 90' lang='grc'><strong>717.</strong></span> <span class='ocrx_word' id='word_1_370' title='bbox 657 3106 844 3170; x_wconf 68' lang='lat' dir='ltr'><strong>Effityit</strong></span> <span class='ocrx_word' id='word_1_371' title='bbox 877 3104 1054 3167; x_wconf 77' lang='lat' dir='ltr'><strong>haedos]</strong></span> <span class='ocrx_word' id='word_1_372' title='bbox 1092 3106 1243 3167; x_wconf 87' lang='lat' dir='ltr'><strong><em>Lege,</em></strong></span> <span class='ocrx_word' id='word_1_373' title='bbox 1284 3106 1444 3171; x_wconf 78' lang='lat' dir='ltr'><strong>efferet</strong></span> <span class='ocrx_word' id='word_1_374' title='bbox 1464 3104 1632 3165; x_wconf 70' lang='lat' dir='ltr'><strong>hetdo-3,</strong></span> <span class='ocrx_word' id='word_1_375' title='bbox 1670 3114 1719 3155; x_wconf 90' lang='lat' dir='ltr'><strong>et</strong></span> <span class='ocrx_word' id='word_1_376' title='bbox 1738 3106 1888 3155; x_wconf 81' lang='lat' dir='ltr'><strong>altero</strong></span> <span class='ocrx_word' id='word_1_377' title='bbox 1912 3122 2085 3155; x_wconf 84' lang='lat' dir='ltr'><strong>versu:</strong></span> <span class='ocrx_word' id='word_1_378' title='bbox 2118 3106 2265 3155; x_wconf 77' lang='lat' dir='ltr'><strong>Lceva</strong></span> <span class='ocrx_word' id='word_1_379' title='bbox 2296 3107 2435 3155; x_wconf 68' lang='lat' dir='ltr'><strong>Jovis</strong></span> 
     </span>
     <span class='ocr_line' id='line_1_38' title="bbox 435 3170 2433 3234; baseline 0 -15"><span class='ocrx_word' id='word_1_380' title='bbox 435 3174 603 3219; x_wconf 71' lang='lat' dir='ltr'><strong>nutrix</strong></span> <span class='ocrx_word' id='word_1_381' title='bbox 640 3171 833 3219; x_wconf 79' lang='lat' dir='ltr'><strong>humero</strong></span> <span class='ocrx_word' id='word_1_382' title='bbox 866 3170 1077 3218; x_wconf 74' lang='lat' dir='ltr'><strong>radiabit</strong></span> <span class='ocrx_word' id='word_1_383' title='bbox 1109 3173 1164 3217; x_wconf 78' lang='lat' dir='ltr'><strong>in</strong></span> <span class='ocrx_word' id='word_1_384' title='bbox 1196 3174 1298 3233; x_wconf 76' lang='lat' dir='ltr'><strong>ipso</strong></span> <span class='ocrx_word' id='word_1_385' title='bbox 1337 3173 1456 3233; x_wconf 85' lang='lat' dir='ltr'><strong>(non</strong></span> <span class='ocrx_word' id='word_1_386' title='bbox 1491 3172 1744 3230; x_wconf 76' lang='lat' dir='ltr'><strong>radiavit.)</strong></span> <span class='ocrx_word' id='word_1_387' title='bbox 1821 3171 2071 3234; x_wconf 84' lang='lat' dir='ltr'><strong>Capellam</strong></span> <span class='ocrx_word' id='word_1_388' title='bbox 2106 3186 2217 3233; x_wconf 82' lang='lat' dir='ltr'><strong>quae</strong></span> <span class='ocrx_word' id='word_1_389' title='bbox 2250 3170 2433 3219; x_wconf 87' lang='lat' dir='ltr'><strong>laevum</strong></span> 
     </span>
     <span class='ocr_line' id='line_1_39' title="bbox 438 3234 2432 3299; baseline -0.001 -15"><span class='ocrx_word' id='word_1_390' title='bbox 438 3236 640 3297; x_wconf 82' lang='lat' dir='ltr'><strong>Aurigae</strong></span> <span class='ocrx_word' id='word_1_391' title='bbox 663 3236 926 3283; x_wconf 89' lang='lat' dir='ltr'><strong>humerum</strong></span> <span class='ocrx_word' id='word_1_392' title='bbox 946 3234 1148 3292; x_wconf 89' lang='lat' dir='ltr'><strong>obtinet,</strong></span> <span class='ocrx_word' id='word_1_393' title='bbox 1183 3235 1216 3282; x_wconf 86' lang='lat' dir='ltr'><strong>J</strong></span> <span class='ocrx_word' id='word_1_394' title='bbox 1217 3236 1320 3284; x_wconf 84' lang='lat' dir='ltr'><strong>ovis</strong></span> <span class='ocrx_word' id='word_1_395' title='bbox 1341 3237 1584 3284; x_wconf 85' lang='lat' dir='ltr'><strong>nutricem</strong></span> <span class='ocrx_word' id='word_1_396' title='bbox 1605 3236 1863 3299; x_wconf 84' lang='lat' dir='ltr'><strong>perhiberi,</strong></span> <span class='ocrx_word' id='word_1_397' title='bbox 1884 3252 1945 3285; x_wconf 84' lang='lat' dir='ltr'><strong>ex</strong></span> <span class='ocrx_word' id='word_1_398' title='bbox 1966 3239 2134 3292; x_wconf 84' lang='lat' dir='ltr'><strong>Arato,</strong></span> <span class='ocrx_word' id='word_1_399' title='bbox 2157 3237 2263 3298; x_wconf 84' lang='lat' dir='ltr'><strong>ejus</strong></span> <span class='ocrx_word' id='word_1_400' title='bbox 2283 3236 2432 3283; x_wconf 85' lang='lat' dir='ltr'><strong>inter-</strong></span> 
     </span>
     <span class='ocr_line' id='line_1_40' title="bbox 435 3298 2431 3362; baseline 0.002 -16"><span class='ocrx_word' id='word_1_401' title='bbox 435 3301 669 3362; x_wconf 86' lang='lat' dir='ltr'><strong>pretibus,</strong></span> <span class='ocrx_word' id='word_1_402' title='bbox 694 3298 1043 3362; x_wconf 79' lang='lat' dir='ltr'><strong>Mythologicis</strong></span> <span class='ocrx_word' id='word_1_403' title='bbox 1060 3306 1108 3346; x_wconf 90' lang='lat' dir='ltr'><strong>et</strong></span> <span class='ocrx_word' id='word_1_404' title='bbox 1130 3299 1237 3362; x_wconf 81' lang='lat' dir='ltr'><strong>ipso</strong></span> <span class='ocrx_word' id='word_1_405' title='bbox 1260 3300 1516 3349; x_wconf 75' lang='lat' dir='ltr'><strong>Lactantio</strong></span> <span class='ocrx_word' id='word_1_406' title='bbox 1537 3310 1725 3349; x_wconf 89' lang='lat' dir='ltr'><strong>notum.</strong></span> <span class='ocrx_word' id='word_1_407' title='bbox 1794 3301 2047 3359; x_wconf 76' lang='lat' dir='ltr'><strong>Manilius,</strong></span> <span class='ocrx_word' id='word_1_408' title='bbox 2068 3301 2155 3349; x_wconf 91' lang='lat' dir='ltr'><strong>lib.</strong></span> <span class='ocrx_word' id='word_1_409' title='bbox 2174 3302 2217 3348; x_wconf 93' lang='grc' dir='ltr'><strong>Ι.</strong></span> <span class='ocrx_word' id='word_1_410' title='bbox 2241 3317 2290 3348; x_wconf 82' lang='lat' dir='ltr'><strong>v.</strong></span> <span class='ocrx_word' id='word_1_411' title='bbox 2306 3301 2431 3349; x_wconf 72' lang='lat'><strong>3652</strong></span> 
     </span>
     <span class='ocr_line' id='line_1_41' title="bbox 438 3364 2431 3430; baseline 0.002 -19"><span class='ocrx_word' id='word_1_412' title='bbox 438 3364 629 3413; x_wconf 75' lang='lat' dir='ltr'><strong>Nobilis</strong></span> <span class='ocrx_word' id='word_1_413' title='bbox 662 3370 710 3411; x_wconf 79' lang='lat' dir='ltr'><strong>et</strong></span> <span class='ocrx_word' id='word_1_414' title='bbox 746 3365 914 3411; x_wconf 80' lang='lat' dir='ltr'><strong>mundi</strong></span> <span class='ocrx_word' id='word_1_415' title='bbox 953 3366 1136 3411; x_wconf 75' lang='lat' dir='ltr'><strong>nutrito</strong></span> <span class='ocrx_word' id='word_1_416' title='bbox 1176 3380 1283 3427; x_wconf 79' lang='lat' dir='ltr'><strong>reqe</strong></span> <span class='ocrx_word' id='word_1_417' title='bbox 1329 3364 2254 3430; x_wconf 73' lang='lat' dir='ltr'><strong>Capella.—GR.—SCH.——efferet]</strong></span> <span class='ocrx_word' id='word_1_418' title='bbox 2290 3367 2350 3414; x_wconf 86' lang='lat' dir='ltr'><strong>de</strong></span> <span class='ocrx_word' id='word_1_419' title='bbox 2383 3381 2431 3429; x_wconf 86' lang='lat' dir='ltr'><strong>g.</strong></span> 
     </span>
     <span class='ocr_line' id='line_1_42' title="bbox 437 3428 1254 3493; baseline 0 -16"><span class='ocrx_word' id='word_1_420' title='bbox 437 3430 565 3491; x_wconf 85' lang='lat' dir='ltr'><strong>conj.</strong></span> <span class='ocrx_word' id='word_1_421' title='bbox 589 3430 660 3478; x_wconf 84' lang='lat' dir='ltr'><strong>sb.</strong></span> <span class='ocrx_word' id='word_1_422' title='bbox 691 3428 858 3493; x_wconf 65' lang='lat' dir='ltr'><strong>effugit</strong></span> <span class='ocrx_word' id='word_1_423' title='bbox 880 3428 1254 3490; x_wconf 85' lang='lat' dir='ltr'>BEGg.—OR.</span> 
     </span>
    </p>

    <p class='ocr_par' dir='ltr' id='par_1_8' title="bbox 504 3490 2043 3557">
     <span class='ocr_line' id='line_1_43' title="bbox 504 3490 2043 3557; baseline -0.001 -13"><span class='ocrx_word' id='word_1_424' title='bbox 504 3493 618 3545; x_wconf 88' lang='grc'><strong>718.</strong></span> <span class='ocrx_word' id='word_1_425' title='bbox 652 3490 911 3554; x_wconf 77' lang='lat' dir='ltr'><strong>Radiahit]</strong></span> <span class='ocrx_word' id='word_1_426' title='bbox 948 3493 1008 3540; x_wconf 86' lang='lat' dir='ltr'><strong>de</strong></span> <span class='ocrx_word' id='word_1_427' title='bbox 1030 3508 1082 3554; x_wconf 84' lang='lat' dir='ltr'><strong>g.</strong></span> <span class='ocrx_word' id='word_1_428' title='bbox 1106 3494 1299 3541; x_wconf 88' lang='lat' dir='ltr'><strong>emend.</strong></span> <span class='ocrx_word' id='word_1_429' title='bbox 1323 3494 1393 3541; x_wconf 78' lang='lat' dir='ltr'><strong>eb.</strong></span> <span class='ocrx_word' id='word_1_430' title='bbox 1429 3495 1641 3544; x_wconf 76' lang='lat' dir='ltr'><strong>radiavit</strong></span> <span class='ocrx_word' id='word_1_431' title='bbox 1670 3494 2043 3557; x_wconf 82' lang='lat' dir='ltr'>BEGg.—0R.</span> 
     </span>
    </p>

    <p class='ocr_par' dir='ltr' id='par_1_9' title="bbox 436 3556 2432 3687">
     <span class='ocr_line' id='line_1_44' title="bbox 504 3556 2432 3622; baseline 0.001 -15"><span class='ocrx_word' id='word_1_432' title='bbox 504 3557 615 3608; x_wconf 90' lang='grc'><strong>720.</strong></span> <span class='ocrx_word' id='word_1_433' title='bbox 652 3556 883 3620; x_wconf 74' lang='lat' dir='ltr'><strong>Surqent]</strong></span> <span class='ocrx_word' id='word_1_434' title='bbox 921 3557 1001 3605; x_wconf 84' lang='lat' dir='ltr'><strong>Ita</strong></span> <span class='ocrx_word' id='word_1_435' title='bbox 1020 3557 1299 3619; x_wconf 80' lang='lat' dir='ltr'><strong>legendum,</strong></span> <span class='ocrx_word' id='word_1_436' title='bbox 1321 3573 1422 3606; x_wconf 86' lang='lat' dir='ltr'><strong>non</strong></span> <span class='ocrx_word' id='word_1_437' title='bbox 1443 3566 1615 3622; x_wconf 69' lang='lat' dir='ltr'><strong>sur-yet,</strong></span> <span class='ocrx_word' id='word_1_438' title='bbox 1638 3560 1759 3608; x_wconf 90' lang='lat' dir='ltr'><strong>utin</strong></span> <span class='ocrx_word' id='word_1_439' title='bbox 1773 3560 1884 3608; x_wconf 89' lang='lat' dir='ltr'><strong>MS.</strong></span> <span class='ocrx_word' id='word_1_440' title='bbox 1957 3560 2149 3608; x_wconf 82' lang='lat' dir='ltr'><strong>Clarius</strong></span> <span class='ocrx_word' id='word_1_441' title='bbox 2174 3566 2261 3620; x_wconf 80' lang='lat' dir='ltr'><strong>est,</strong></span> <span class='ocrx_word' id='word_1_442' title='bbox 2284 3576 2432 3622; x_wconf 84' lang='lat' dir='ltr'><strong>quam</strong></span> 
     </span>
     <span class='ocr_line' id='line_1_45' title="bbox 436 3622 2346 3687; baseline 0.001 -16"><span class='ocrx_word' id='word_1_443' title='bbox 436 3630 495 3672; x_wconf 86' lang='lat' dir='ltr'><strong>ut</strong></span> <span class='ocrx_word' id='word_1_444' title='bbox 515 3622 701 3670; x_wconf 88' lang='lat' dir='ltr'><strong>moneri</strong></span> <span class='ocrx_word' id='word_1_445' title='bbox 724 3622 1308 3672; x_wconf 73' lang='lat' dir='ltr'><strong>debeat.—Gu.·—SCH.</strong></span> <span class='ocrx_word' id='word_1_446' title='bbox 1438 3625 1651 3687; x_wconf 73' lang='lat' dir='ltr'><strong>surqent]</strong></span> <span class='ocrx_word' id='word_1_447' title='bbox 1682 3626 1789 3686; x_wconf 80' lang='lat' dir='ltr'><strong>gsb.</strong></span> <span class='ocrx_word' id='word_1_448' title='bbox 1824 3630 1979 3687; x_wconf 73' lang='lat' dir='ltr'><strong>surqet</strong></span> <span class='ocrx_word' id='word_1_449' title='bbox 2004 3625 2346 3674; x_wconf 87' lang='lat' dir='ltr'><strong>BEG.—OR.</strong></span> 
     </span>
    </p>

    <p class='ocr_par' dir='ltr' id='par_1_10' title="bbox 425 3685 2434 3943">
     <span class='ocr_line' id='line_1_46' title="bbox 503 3685 2433 3751; baseline 0.002 -15"><span class='ocrx_word' id='word_1_450' title='bbox 503 3688 617 3736; x_wconf 91' lang='grc'><strong>721.</strong></span> <span class='ocrx_word' id='word_1_451' title='bbox 657 3685 824 3735; x_wconf 79' lang='lat' dir='ltr'><strong>Tauro</strong></span> <span class='ocrx_word' id='word_1_452' title='bbox 843 3690 1059 3749; x_wconf 80' lang='lat' dir='ltr'><strong>pistrices</strong></span> <span class='ocrx_word' id='word_1_453' title='bbox 1075 3690 1260 3749; x_wconf 76' lang='lat' dir='ltr'><strong>pariter</strong></span> <span class='ocrx_word' id='word_1_454' title='bbox 1281 3690 1519 3749; x_wconf 65' lang='lat' dir='ltr'><strong>cristaeque</strong></span> <span class='ocrx_word' id='word_1_455' title='bbox 1540 3689 1774 3751; x_wconf 71' lang='lat' dir='ltr'><strong>refulyent</strong></span> <span class='ocrx_word' id='word_1_456' title='bbox 1798 3690 2049 3751; x_wconf 76' lang='lat' dir='ltr'><strong>Gaudaque</strong></span> <span class='ocrx_word' id='word_1_457' title='bbox 2068 3691 2276 3737; x_wconf 80' lang='lat' dir='ltr'><strong>vicinum</strong></span> <span class='ocrx_word' id='word_1_458' title='bbox 2294 3693 2433 3739; x_wconf 73' lang='lat' dir='ltr'><strong>terris</strong></span> 
     </span>
     <span class='ocr_line' id='line_1_47' title="bbox 425 3750 2431 3816; baseline 0.002 -18"><span class='ocrx_word' id='word_1_459' title='bbox 425 3751 536 3814; x_wconf 85' lang='lat' dir='ltr'><strong>jam</strong></span> <span class='ocrx_word' id='word_1_460' title='bbox 557 3758 716 3799; x_wconf 83' lang='lat' dir='ltr'><strong>cernet</strong></span> <span class='ocrx_word' id='word_1_461' title='bbox 740 3750 827 3813; x_wconf 90' lang='grc' dir='ltr'><strong>Β.]</strong></span> <span class='ocrx_word' id='word_1_462' title='bbox 864 3752 998 3814; x_wconf 83' lang='lat' dir='ltr'><strong>Lege</strong></span> <span class='ocrx_word' id='word_1_463' title='bbox 1019 3758 1070 3799; x_wconf 88' lang='lat' dir='ltr'><strong>et</strong></span> <span class='ocrx_word' id='word_1_464' title='bbox 1091 3751 1350 3814; x_wconf 81' lang='lat' dir='ltr'><strong>distingue,</strong></span> <span class='ocrx_word' id='word_1_465' title='bbox 1375 3753 1447 3800; x_wconf 90' lang='lat' dir='ltr'><strong>uti</strong></span> <span class='ocrx_word' id='word_1_466' title='bbox 1469 3768 1617 3815; x_wconf 82' lang='lat' dir='ltr'><strong>supra</strong></span> <span class='ocrx_word' id='word_1_467' title='bbox 1639 3768 1922 3816; x_wconf 81' lang='lat' dir='ltr'><strong>expressum</strong></span> <span class='ocrx_word' id='word_1_468' title='bbox 1944 3761 2033 3801; x_wconf 84' lang='lat' dir='ltr'><strong>est.</strong></span> <span class='ocrx_word' id='word_1_469' title='bbox 2072 3754 2244 3801; x_wconf 60' lang='grc' dir='ltr'><strong>θεοῖ.</strong></span> <span class='ocrx_word' id='word_1_470' title='bbox 2319 3757 2431 3804; x_wconf 85' lang='lat' dir='ltr'><strong>Ter-</strong></span> 
     </span>
     <span class='ocr_line' id='line_1_48' title="bbox 435 3816 2434 3881; baseline 0.002 -17"><span class='ocrx_word' id='word_1_471' title='bbox 435 3820 506 3864; x_wconf 77' lang='lat' dir='ltr'><strong>ris</strong></span> <span class='ocrx_word' id='word_1_472' title='bbox 525 3819 710 3864; x_wconf 78' lang='lat' dir='ltr'><strong>vicinus</strong></span> <span class='ocrx_word' id='word_1_473' title='bbox 731 3824 807 3863; x_wconf 87' lang='lat' dir='ltr'><strong>est</strong></span> <span class='ocrx_word' id='word_1_474' title='bbox 835 3818 900 3864; x_wconf 81' lang='lat' dir='ltr'><strong>ad</strong></span> <span class='ocrx_word' id='word_1_475' title='bbox 933 3831 1148 3864; x_wconf 75' lang='lat' dir='ltr'><strong>oceasum</strong></span> <span class='ocrx_word' id='word_1_476' title='bbox 1175 3818 1673 3880; x_wconf 77' lang='lat' dir='ltr'><strong>properans.-SCH.</strong></span> <span class='ocrx_word' id='word_1_477' title='bbox 1806 3816 2052 3881; x_wconf 60' lang='lat' dir='ltr'><strong>Pisto-icis]</strong></span> <span class='ocrx_word' id='word_1_478' title='bbox 2088 3818 2147 3865; x_wconf 91' lang='lat' dir='ltr'><strong>de</strong></span> <span class='ocrx_word' id='word_1_479' title='bbox 2169 3833 2215 3880; x_wconf 83' lang='lat' dir='ltr'><strong>g.</strong></span> <span class='ocrx_word' id='word_1_480' title='bbox 2240 3817 2434 3868; x_wconf 82' lang='lat' dir='ltr'><strong>emend.</strong></span> 
     </span>
     <span class='ocr_line' id='line_1_49' title="bbox 437 3880 1152 3943; baseline 0 -15"><span class='ocrx_word' id='word_1_481' title='bbox 437 3881 509 3930; x_wconf 84' lang='lat' dir='ltr'><strong>sb.</strong></span> <span class='ocrx_word' id='word_1_482' title='bbox 540 3882 760 3943; x_wconf 76' lang='lat' dir='ltr'><strong>pistrices</strong></span> <span class='ocrx_word' id='word_1_483' title='bbox 779 3880 1152 3942; x_wconf 88' lang='lat' dir='ltr'>BEGg.-—OR.</span> 
     </span>
    </p>

    <p class='ocr_par' dir='ltr' id='par_1_11' title="bbox 506 3944 1915 4009">
     <span class='ocr_line' id='line_1_50' title="bbox 506 3944 1915 4009; baseline 0 -16"><span class='ocrx_word' id='word_1_484' title='bbox 506 3945 617 3993; x_wconf 85' lang='lat'><strong>722.</strong></span> <span class='ocrx_word' id='word_1_485' title='bbox 655 3944 830 4007; x_wconf 79' lang='lat' dir='ltr'><strong>Cerne]</strong></span> <span class='ocrx_word' id='word_1_486' title='bbox 867 3946 975 3993; x_wconf 87' lang='lat' dir='ltr'><strong>BE.</strong></span> <span class='ocrx_word' id='word_1_487' title='bbox 1000 3952 1057 3993; x_wconf 85' lang='lat' dir='ltr'><strong>ut</strong></span> <span class='ocrx_word' id='word_1_488' title='bbox 1076 3945 1268 3994; x_wconf 83' lang='lat' dir='ltr'><strong>volebat</strong></span> <span class='ocrx_word' id='word_1_489' title='bbox 1285 3960 1332 4007; x_wconf 82' lang='lat' dir='ltr'><strong>g.</strong></span> <span class='ocrx_word' id='word_1_490' title='bbox 1353 3948 1424 3993; x_wconf 83' lang='lat' dir='ltr'><strong>eb.</strong></span> <span class='ocrx_word' id='word_1_491' title='bbox 1459 3952 1614 3994; x_wconf 79' lang='lat' dir='ltr'><strong>cernet</strong></span> <span class='ocrx_word' id='word_1_492' title='bbox 1637 3946 1915 4009; x_wconf 84' lang='lat' dir='ltr'><strong>Gg.—0R.</strong></span> 
     </span>
    </p>

    <p class='ocr_par' dir='ltr' id='par_1_12' title="bbox 441 4008 2431 4141">
     <span class='ocr_line' id='line_1_51' title="bbox 505 4008 2430 4073; baseline 0.001 -14"><span class='ocrx_word' id='word_1_493' title='bbox 505 4008 615 4059; x_wconf 88' lang='grc'><strong>723.</strong></span> <span class='ocrx_word' id='word_1_494' title='bbox 649 4009 720 4057; x_wconf 79' lang='lat' dir='ltr'><strong>Ee</strong></span> <span class='ocrx_word' id='word_1_495' title='bbox 756 4025 862 4057; x_wconf 82' lang='lat' dir='ltr'><strong>cum</strong></span> <span class='ocrx_word' id='word_1_496' title='bbox 887 4026 935 4058; x_wconf 78' lang='lat' dir='ltr'><strong>se</strong></span> <span class='ocrx_word' id='word_1_497' title='bbox 965 4026 1011 4072; x_wconf 74' lang='lat'><strong>9.</strong></span> <span class='ocrx_word' id='word_1_498' title='bbox 1037 4011 1082 4058; x_wconf 77' lang='lat' dir='ltr'><strong>d.</strong></span> <span class='ocrx_word' id='word_1_499' title='bbox 1115 4026 1165 4073; x_wconf 83' lang='lat' dir='ltr'><strong>p.</strong></span> <span class='ocrx_word' id='word_1_500' title='bbox 1195 4012 1246 4058; x_wconf 90' lang='grc'><strong>0.</strong></span> <span class='ocrx_word' id='word_1_501' title='bbox 1275 4008 1324 4056; x_wconf 91' lang='lat' dir='ltr'><strong>S.</strong></span> <span class='ocrx_word' id='word_1_502' title='bbox 1351 4026 1392 4058; x_wconf 90' lang='lat' dir='ltr'><strong>e.</strong></span> <span class='ocrx_word' id='word_1_503' title='bbox 1418 4026 1460 4058; x_wconf 94' lang='grc' dir='ltr'><strong>ο.</strong></span> <span class='ocrx_word' id='word_1_504' title='bbox 1502 4012 1699 4059; x_wconf 76' lang='lat' dir='ltr'><strong>Gemino</strong></span> <span class='ocrx_word' id='word_1_505' title='bbox 1719 4028 1759 4060; x_wconf 89' lang='lat' dir='ltr'><strong>r.</strong></span> <span class='ocrx_word' id='word_1_506' title='bbox 1781 4010 1849 4073; x_wconf 85' lang='lat' dir='ltr'><strong>r.]</strong></span> <span class='ocrx_word' id='word_1_507' title='bbox 1887 4012 2019 4073; x_wconf 88' lang='lat' dir='ltr'><strong>Lege</strong></span> <span class='ocrx_word' id='word_1_508' title='bbox 2055 4011 2127 4060; x_wconf 90' lang='lat' dir='ltr'><strong>uti</strong></span> <span class='ocrx_word' id='word_1_509' title='bbox 2166 4027 2311 4073; x_wconf 84' lang='lat' dir='ltr'><strong>supra</strong></span> <span class='ocrx_word' id='word_1_510' title='bbox 2345 4028 2430 4060; x_wconf 84' lang='lat' dir='ltr'><strong>ex-</strong></span> 
     </span>
     <span class='ocr_line' id='line_1_52' title="bbox 441 4073 2431 4141; baseline 0.001 -19"><span class='ocrx_word' id='word_1_511' title='bbox 441 4074 676 4138; x_wconf 81' lang='lat' dir='ltr'><strong>scriptum</strong></span> <span class='ocrx_word' id='word_1_512' title='bbox 718 4082 807 4125; x_wconf 81' lang='lat' dir='ltr'><strong>est.</strong></span> <span class='ocrx_word' id='word_1_513' title='bbox 907 4074 1103 4132; x_wconf 79' lang='lat' dir='ltr'><strong>Aratus,</strong></span> <span class='ocrx_word' id='word_1_514' title='bbox 1150 4090 1195 4123; x_wconf 82' lang='lat' dir='ltr'><strong>v.</strong></span> <span class='ocrx_word' id='word_1_515' title='bbox 1233 4074 1359 4124; x_wconf 74' lang='lat'><strong>724:</strong></span> <span class='ocrx_word' id='word_1_516' title='bbox 1412 4074 1709 4140; x_wconf 78' lang='grc' dir='ltr'><strong>Ἀμφότεροι</strong></span> <span class='ocrx_word' id='word_1_517' title='bbox 1756 4074 1806 4123; x_wconf 84' lang='grc' dir='ltr'><strong>δὲ</strong></span> <span class='ocrx_word' id='word_1_518' title='bbox 1854 4073 2008 4133; x_wconf 79' lang='grc' dir='ltr'><strong>πόδες</strong></span> <span class='ocrx_word' id='word_1_519' title='bbox 2050 4074 2431 4141; x_wconf 76' lang='grc' dir='ltr'>καταδυομένου</span> 
     </span>
    </p>
   </div>
   <div class='ocr_carea' id='block_1_3' title="bbox 1308 3648 1438 3658">
    <p class='ocr_par' dir='ltr' id='par_1_13' title="bbox 1308 3648 1438 3658">
     <span class='ocr_line' id='line_1_53' title="bbox 1308 3648 1438 3658; baseline 0 0"><span class='ocrx_word' id='word_1_520' title='bbox 1308 3648 1438 3658; x_wconf 95' lang='lat' dir='ltr'><strong> </strong></span> 
     </span>
    </p>
   </div>
   <div class='ocr_carea' id='block_1_4' title="bbox 1675 3844 1806 3854">
    <p class='ocr_par' dir='ltr' id='par_1_14' title="bbox 1675 3844 1806 3854">
     <span class='ocr_line' id='line_1_54' title="bbox 1675 3844 1806 3854; baseline 0 0"><span class='ocrx_word' id='word_1_521' title='bbox 1675 3844 1806 3854; x_wconf 95' lang='lat' dir='ltr'><strong> </strong></span> 
     </span>
    </p>
   </div>
  </div>
 </body>
</html>
