2992 4842
1283 611 1600 658 scnomA.
2355 592 2440 658 53

440 751 763 818 Minervae
791 754 961 819 inter
990 765 1161 819 astra
1207 755 1580 821 collocatam
1619 755 1864 833 dicunt,
1913 776 2189 840 quaeque
2235 756 2443 840 prima

444 841 526 903 ab
569 864 647 904 ea
690 840 1000 905 fabricata
1029 853 1147 918 est,
1190 852 1257 906 et
1284 865 1457 905 mare
1490 842 1665 925 quod
1711 853 1901 906 antea
1943 842 2186 905 invium
2231 841 2443 906 fuerat

444 925 831 1004 hominibuS‚
862 927 1153 1011 pervium
1189 928 1403 992 nautis
1432 927 1695 1011 ingenio
1724 927 1899 1004 fecit,
1933 949 2126 1012 quam
2155 938 2440 991 notatam

442 1010 512 1074 in
542 1012 707 1075 coelo
736 1013 1056 1096 figuravit,
1088 1013 1200 1076 sed
1241 1035 1279 1076 a
1319 1013 1770 1097 gubernaculis
1809 1036 2015 1096 usque
2055 1013 2136 1076 ad
2175 1014 2436 1078 malum.

448 1096 767 1160 Nonnulli
813 1098 1059 1175 dicunt,
1111 1097 1414 1162 Danaum
1464 1099 1610 1162 Beli
1655 1099 1858 1161 filium
1889 1121 1976 1162 ex
2009 1099 2440 1182 compluribus

444 1183 825 1266 conjugibus
857 1185 1328 1268 quinquaginta
1356 1184 1519 1248 filias
1546 1184 1876 1262 habuisse,-
1914 1185 2174 1248 fratrem
2221 1196 2441 1249 autem

447 1269 587 1352 ejus
618 1269 983 1353 AEgyptum
1027 1270 1293 1334 totidem
1322 1269 1506 1335 filios,
1598 1269 1896 1334 Danaum
1933 1280 2151 1333 autem
2183 1281 2250 1333 et
2277 1271 2440 1334 filias

447 1353 587 1438 ejus
610 1354 971 1418 interficere
999 1355 1223 1432 voluit,
1256 1366 1331 1417 ut
1360 1377 1634 1439 regnum
1669 1367 2011 1440 paternum
2060 1355 2230 1419 solus
2277 1357 2442 1419 obti-

446 1450 653 1516 neret,
729 1463 964 1524 easque
1036 1441 1185 1504 filiis
1258 1441 1386 1505 suis
1453 1463 1690 1504 uxores
1763 1465 1802 1505 a
1869 1440 2067 1504 fratre
2127 1442 2438 1525 poposcit.

448 1523 716 1588 Danaus
746 1539 985 1603 autem,
1018 1526 1273 1609 cognita
1300 1525 1567 1604 malitia,
1601 1525 1962 1590 Minervam
1991 1527 2305 1590 invocavit
2333 1528 2443 1590 ad-

440 1610 780 1694 jutricem3
829 1623 986 1675 tunc
1016 1613 1297 1696 primum
1328 1612 1560 1676 dicitur
1590 1611 1886 1676 Minerva
1933 1613 2145 1675 navim
2192 1611 2439 1690 fecisse,

449 1717 599 1779 quae
645 1695 861 1779 Argos
907 1697 1225 1781 appellata
1254 1708 1371 1773 est,
1404 1720 1552 1761 cum
1583 1719 1712 1781 qua
1740 1697 2006 1760 Danaus
2037 1720 2124 1761 ex
2156 1698 2443 1782 Aphrica

449 1781 663 1865 Argos
692 1782 999 1866 profugit.
1090 1781 1417 1866 AEgyptus
1448 1783 1613 1846 filios
1641 1806 1788 1847 suos
1817 1783 1899 1846 ad
1923 1785 2443 1868 persequendum

447 1865 712 1930 fratrem
742 1868 936 1931 misit.
1031 1867 1167 1933 Qui
1183 1879 1525 1952 postquam
1545 1867 1758 1952 Argos
1778 1879 2114 1945 venerunt,
2137 1880 2444 1953 patruum

448 1951 824 2036 impugnare
865 1965 1224 2037 coeperunt.
1336 1953 1603 2017 Danaus
1643 1965 1884 2036 autem,
1924 1964 2000 2017 ut
2039 1955 2199 2018 vidit
2239 1977 2306 2018 se
2349 1955 2442 2018 eis

449 2037 756 2101 obsistere
786 2062 918 2102 non
946 2060 1153 2123 posse,
1184 2039 1362 2102 dedit
1392 2040 1481 2104 eis
1499 2041 1660 2104 filias
1680 2063 1849 2120 suaS,
1870 2063 2016 2124 quae
2038 2041 2240 2124 patris
2255 2041 2442 2124 jussu

446 2123 615 2186 viros
654 2146 801 2188 suos
840 2147 971 2188 una
1008 2134 1194 2188 nocte
1232 2125 1716 2203 interfecerunt,
1756 2125 1888 2189 sola
1931 2124 2444 2210 Hypermnestra

450 2207 691 2272 Linum
732 2210 1038 2274 servavit:
1086 2210 1169 2273 ob
1200 2211 1373 2294 quod
1401 2210 1622 2275 fanum
1652 2211 1778 2274 illis
1817 2211 2058 2274 factum
2090 2221 2206 2276 est.
2301 2211 2444 2275 Cae-

450 2305 611 2358 terae
641 2317 790 2358 vero
836 2296 1141 2359 dicuntur
1193 2296 1364 2380 apud
1412 2295 1662 2365 Inferos
1703 2297 1773 2360 in
1823 2296 2063 2359 dolium
2108 2307 2443 2380 pertusum

444 2402 681 2464 aquam
709 2381 1025 2465 ingerere.
1117 2380 1343 2445 Habet
1370 2392 1589 2446 autem
1621 2381 1820 2446 Navis
1848 2381 2082 2460 stellas,
2123 2382 2193 2445 in
2224 2403 2441 2468 puppe

449 2476 751 2550 quatuor,
782 2468 852 2530 in
878 2476 1259 2531 catastroma
1289 2479 1586 2551 quatuor,
1617 2471 1686 2530 in
1716 2467 1884 2532 malo
1913 2489 2159 2531 summo
2189 2478 2340 2546 tres,
2372 2469 2442 2532 in

446 2551 714 2635 singulis
743 2553 1109 2616 temonibus
1142 2552 1451 2638 quinque,
1485 2553 1604 2617 sub
1634 2553 1848 2618 carina
1870 2553 2178 2637 quinque.
2271 2554 2444 2620 Sunt

448 2659 669 2701 omnes
702 2636 982 2706 XXVI.

535 2721 741 2787 Porro
771 2724 891 2787 sub
916 2724 1143 2789 Ariete
1176 2735 1243 2789 et
1274 2723 1566 2788 Piscibus
1597 2746 1791 2808 super
1833 2724 2097 2789 fluvium
2135 2722 2335 2788 Cetus
2370 2723 2442 2788 in

445 2808 589 2872 caeli
639 2809 903 2891 regione
964 2810 1305 2874 collocatus
1368 2820 1484 2874 est.
1608 2809 1868 2875 Dicitur
1911 2821 2128 2875 autem
2175 2833 2214 2873 a
2261 2807 2442 2894 Nep-

448 2904 611 2958 tuno
642 2895 869 2958 missus
916 2896 995 2960 ad
1044 2896 1374 2981 Cepheum
1402 2905 1670 2980 propter
1695 2897 2000 2960 invidiam
2045 2895 2362 2972 NereidiS,
2403 2919 2444 2959 a

448 3000 577 3063 qua
622 2990 845 3044 contra
892 2980 1318 3066 Cassiepeiam
1366 2993 1433 3044 et
1473 2981 1952 3045 Andromedam
1989 2981 2444 3046 exardescebat

446 3076 711 3150 propter
770 3066 1035 3130 nimiam
1091 3067 1659 3152 pulchritudinem.
1747 3066 1922 3131 Huic
1975 3067 2136 3131 Ceto
2184 3066 2443 3131 Andro-

446 3151 634 3215 meda
660 3152 987 3234 proposita
1015 3163 1174 3230 erat,
1209 3175 1400 3237 quem
1422 3150 1698 3215 Perseus
1724 3152 2070 3229 interfecit,
2095 3163 2162 3216 et
2179 3152 2261 3216 ab
2284 3151 2441 3216 Jove

446 3237 631 3300 astris
680 3237 895 3300 illatus
944 3248 1063 3316 est,
1106 3250 1184 3301 ut
1227 3237 1536 3301 memoria
1582 3248 1762 3302 actus
1817 3247 2127 3302 maneret.
2217 3237 2443 3302 Habet

446 3332 665 3386 autem
710 3322 946 3399 stellas,
988 3323 1057 3386 in
1087 3325 1307 3388 caudae
1353 3335 1646 3387 extremo
1685 3324 1882 3388 claras
1929 3323 2108 3400 duas»,
2158 3345 2197 3387 a
2241 3324 2443 3388 cauda

450 3428 654 3558 121}qu
686 3407 767 3472 ad
794 3407 1062 3492 gibbum
1092 3411 1148 3495 ej
1161 3433 1231 3474 us
1254 3431 1394 3487 sex,
1414 3409 1534 3472 sub
1554 3419 1774 3472 ventre
1798 3431 1932 3475 sex.
2027 3409 2197 3474 Sunt
2219 3432 2440 3474 omnes

534 3577 820 3657 Fluvius,
851 3589 929 3643 ut
960 3579 1251 3664 superius
1269 3580 1576 3658 diximus»,
1600 3581 1822 3645 subter
1842 3578 2080 3646 Cetum
2099 3579 2440 3645 collocatus

447 3673 582 3729 est:
617 3665 757 3728 caeli
785 3666 1045 3750 regione
1076 3666 1381 3743 cernitur,
1413 3666 1493 3730 ad
1528 3688 1720 3750 quam
1751 3665 2008 3731 sinister
2039 3665 2296 3729 Orionis
2325 3689 2440 3750 pes

446 3750 843 3815 extenditur.
934 3750 1045 3815 Ab
1096 3752 1304 3816 Arato
1332 3761 1401 3815 et
1433 3751 1802 3836 Pherecyde
1855 3752 2176 3816 Eridanus
2221 3750 2438 3815 Padus

448 3857 585 3898 esse
632 3847 940 3919 putatum
1016 3847 1084 3900 et
1140 3837 1285 3900 ideo
1330 3837 1504 3901 inter
1552 3848 1722 3902 astra
1772 3837 2138 3913 collocatuS,
2179 3835 2354 3919 quod
2401 3859 2440 3901 a

444 3920 809 3985 meridianis
838 3921 1132 4006 partibus
1163 3921 1435 4006 dirigere
1465 3923 1774 3989 cernitur..
1866 3921 2193 3986 Hesiodus
2223 3931 2440 3986 autem

447 4005 601 4071 dicit
640 4029 789 4071 eum
813 4007 986 4071 inter
1031 4018 1202 4073 astra
1244 4009 1644 4086 collocatum,
1693 4019 1960 4093 propter
2005 4005 2436 4086 Phaethonta,

448 4089 613 4159 Solis
642 4104 710 4160 et
742 4093 1081 4178 Clymenes
1108 4094 1337 4174 filium,
1372 4095 1482 4180 qui
1515 4095 1744 4160 dicitur
1793 4114 2048 4160 currum
2094 4093 2295 4178 patris
2341 4117 2438 4160 as·
