2992 4842
1089 560 1162 596 An
1185 559 1543 596 rnffluomsna
1565 558 1800 595 auarus.
2388 546 2459 595 lix

451 684 664 734 Versum
693 683 926 733 ultimum
957 684 1116 747 possis
1151 684 1301 733 ctiam
1331 686 1424 733 hoc
1445 690 1588 747 pacto
1609 684 1803 747 legere:
1845 682 2009 733 Unum
2039 683 2175 732 Inter
2206 690 2459 747 utrumque

451 754 577 798 secui
613 750 834 807 medium,
871 749 1076 809 detectus
1110 750 1172 798 ab
1205 750 1307 798 illo.
1375 750 1448 797 Ut
1468 756 1643 797 mutua
1676 749 1953 797 intersectio
1978 748 2177 797 Zodiaci
2200 754 2248 796 et
2267 748 2457 811 AEqua-

452 815 572 861 toris
603 814 861 862 indicetur.
896 815 1068 862 Gno'r.
1139 814 1349 871 Quartus
1367 817 1420 862 in
1445 813 1705 876 obliquum,
1726 812 1828 876 bc]
1866 813 2010 862 Ovid.
2032 813 2360 875 Metamorph.
2384 813 2459 863 11.

455 880 580 927 129:
615 880 718 926 Nec
741 878 832 926 tibi
855 879 1054 927 directos
1080 878 1274 940 placeat
1293 880 1374 925 via
1407 881 1616 942 quinque
1628 893 1721 939 per
1739 894 1893 926 arcus.
1964 877 2130 925 Sectus
2146 881 2202 926 in
2221 875 2459 941 obliquum

453 948 523 990 est
555 944 653 990 lato
688 945 960 991 curvamine
997 944 1143 991 limes.
1213 943 1561 1006 Zonarumque
1596 946 1742 991 trium
1777 948 2019 990 contentus
2040 944 2165 1003 fine,
2196 944 2453 1005 polumque

451 1006 674 1072 Effuyito
715 1008 987 1065 austrakm,
1020 1006 1334 1069 junctamque
1374 1007 1676 1071 aquilonibus
1718 1007 2301 1055 arcton.—ScH.—-in
2334 1006 2457 1055 obli-

453 1088 599 1134 quum
633 1069 750 1132 tres]
791 1072 849 1119 de
870 1087 918 1132 g.
952 1072 1078 1133 conj.
1102 1073 1170 1119 sb.
1203 1074 1257 1119 in
1279 1072 1519 1133 obh'quam
1554 1078 1648 1119 tres
1685 1072 1878 1134 BEGg.
1912 1071 2226 1119 ioblicumtris
2252 1070 2367 1133 (sic)
2391 1071 2457 1123 A.

451 1134 626 1197 (Ibid.)
660 1134 876 1197 colliyat]
912 1136 972 1183 de
996 1152 1044 1198 g.
1066 1136 1191 1198 conj.
1215 1136 1284 1183 sb.
1321 1138 1503 1198 colliqit
1523 1136 1771 1199 ABEGg.
1806 1134 1932 1183 orbis
1954 1135 2348 1184 ABEG.-OR.

521 1201 634 1248 519.
665 1198 934 1262 Exn-emis]
970 1200 1035 1249 A.
1069 1201 1287 1261 (firmans
1312 1201 1550 1248 emendat.
1574 1202 1645 1262 g.)
1675 1201 1745 1248 sb.
1780 1207 2010 1248 eaetremos
2030 1200 2224 1263 BEGg.
2290 1200 2459 1262 (Ibid.)

453 1263 625 1327 unum]
661 1264 726 1313 A.
759 1264 978 1326 (firmans
999 1266 1224 1313 emendat
1245 1263 1317 1327 g.)
1339 1266 1412 1313 sb.
1445 1279 1571 1313 unus
1594 1265 1969 1326 BEGg.-0R.

522 1330 634 1377 520.
668 1327 924 1391 Desectus]
978 1329 1086 1377 BE.
1123 1336 1180 1377 ut
1211 1330 1402 1377 volebat
1439 1330 1589 1377 etiam
1621 1344 1669 1391 g.
1713 1331 1921 1391 desectus
1958 1328 2105 1391 AGg.
2152 1329 2365 1377 devectus
2398 1329 2458 1377 de

454 1392 607 1441 altera
628 1408 679 1456 g.
698 1394 825 1455 conj.
846 1394 896 1442 b.
928 1396 1150 1441 dissectus
1171 1409 1212 1441 s.
1281 1393 1452 1455 (Ibid.)
1483 1394 1543 1442 ab
1565 1392 1676 1455 illo]
1713 1396 1777 1443 A.
1811 1397 1866 1441 in
1887 1394 2025 1441 ilbum
2058 1392 2307 1455 BEGgsb.
2374 1394 2456 1441 En

453 1457 606 1506 altera
625 1457 784 1505 Grotii
803 1458 929 1520 conj.
951 1458 1155 1506 desectus
1171 1458 1231 1506 ab
1251 1459 1336 1506 illo
1352 1458 1545 1507 firmata
1561 1459 1737 1521 partim
1753 1474 1783 1505 a
1800 1458 1908 1505 BE.
1930 1457 2109 1522 partim
2129 1457 2189 1504 ab
2212 1456 2458 1507 A.—0R.

523 1524 636 1570 521.
669 1522 804 1569 Nam
822 1526 866 1570 si
885 1522 932 1570 b.
955 1523 1286 1571 solus.--OR.

521 1588 634 1634 522.
671 1584 913 1635 Distantis
933 1586 1063 1636 orbis
1083 1588 1264 1634 medius
1285 1585 1529 1636 A—OR.

522 1652 634 1699 523.
676 1651 876 1714 Tribus]
910 1651 1130 1713 Tropicis
1150 1659 1200 1699 et
1218 1650 1492 1713 AEquatori.
1564 1650 1693 1699 Idem
1714 1656 1860 1709 ortus,
1878 1648 1981 1713 ξω]
2019 1650 2081 1697 Id
2102 1654 2193 1709 est,
2212 1649 2333 1698 locis
2354 1650 2457 1699 suis

453 1730 556 1763 non
597 1715 918 1773 dimoventur,
959 1716 1050 1774 vel,
1087 1716 1297 1763 eundem
1331 1730 1523 1777 semper
1558 1716 1723 1763 locum
1760 1716 1993 1764 obtinent.
2008 1714 2455 1763 —SCH.-—nas-

455 1778 652 1841 cuntur]
709 1779 771 1827 A.
807 1786 1060 1829 nascentur
1102 1780 1328 1842 BEng.
1386 1786 1607 1829 nascetur
1638 1796 1712 1837 s.;
1761 1780 1848 1828 sed
1888 1787 1997 1828 tum
2040 1787 2171 1829 ortus
2204 1786 2375 1843 peccat
2404 1780 2459 1829 in

455 1844 865 1893 metrum—OB..

522 1911 634 1957 524.
668 1906 958 1971 Remanent]
996 1908 1200 1970 BGgsb.
1230 1895 1441 1956 revnanet
1461 1908 1579 1957 AE.
1614 1907 1793 1970 (sedin
1816 1908 1863 1956 E
1886 1923 2123 1971 superscr.
2148 1906 2407 1969 n.)-0R.

522 1973 636 2024 527.
677 1972 864 2035 Distat]
932 1973 1184 2035 BEGgsb.
1239 1973 1418 2021 distant
1460 1973 1523 2021 A.
1610 1972 1778 2033 (Ibid.)
1831 1989 1975 2037 quam
2015 1975 2141 2021 latus
2178 1974 2243 2020 ad
2282 1972 2452 2037 auras]

456 2036 708 2100 BEGgsb.
742 2044 1046 2100 qua-minutus
1065 2035 1186 2098 (sic)
1209 2037 1274 2083 ad
1295 2053 1434 2086 aures
1457 2038 1707 2086 A.—OR.

522 2104 636 2150 530.
670 2102 902 2165 AEqualis
931 2104 1056 2149 aries
1093 2101 1352 2150 succumbit
1384 2103 1547 2164 requla
1583 2102 1707 2150 binis
1732 2102 1944 2160 Inferior
1972 2104 2119 2163 siquis
2140 2102 2324 2163 spatiis,
2346 2106 2453 2149 tan-

457 2172 648 2231 tumque
671 2166 841 2215 tenebit
875 2167 986 2215 Um
1005 2170 1080 2214 sui
1103 2168 1280 2223 lateris,
1316 2173 1545 2228 quantum
1568 2182 1599 2214 a
1622 2167 1786 2215 tellure
1804 2164 2003 2228 recedit]
2040 2165 2345 2227 Legendum,
2380 2166 2454 2215 uti

449 2232 556 2292 jam
581 2247 865 2294 expressum
886 2238 975 2289 est,
1002 2232 1080 2279 De
1100 2230 1340 2289 hocloco,
1375 2232 1476 2280 sive
1498 2232 1605 2293 ejus
1626 2231 1883 2287 sententia,
1906 2231 1967 2278 ad
1988 2230 2197 2278 Aratum
2222 2229 2455 2280 diximus.

455 2296 608 2343 Latus
645 2303 718 2343 est
750 2297 876 2343 linea
912 2301 1060 2344 recta.
1128 2294 1208 2341 Ita
1243 2294 1374 2355 alibi,
1410 2312 1458 2344 v.
1479 2295 1605 2347 187:
1643 2295 1885 2352 Quantum
1919 2295 2046 2343 latus
2078 2310 2109 2341 a
2142 2294 2257 2356 pede
2290 2296 2454 2343 dextro

461 2359 664 2421 Cepheos
695 2365 951 2409 extremam
971 2362 1123 2423 tanyit
1147 2360 1445 2421 Cynosurida
1475 2362 1707 2408 caudam.-
1745 2360 2049 2408 Tantundem
2068 2358 2128 2406 ab
2152 2360 2265 2405 loevo
2284 2359 2451 2407 dister-

455 2427 624 2473 minat.
690 2424 773 2473 Ita
812 2426 945 2473 enim
984 2424 1127 2471 illum
1168 2423 1334 2471 locum
1376 2425 1757 2473 emendavimus.
1802 2424 1977 2472 Gnor.
2054 2423 2179 2471 Vide
2222 2424 2454 2485 Scaligeri

455 2498 598 2537 notas
631 2490 691 2537 ad
726 2489 925 2537 Manilii
955 2489 1040 2537 lib.
1070 2488 1113 2536 1.
1152 2504 1200 2537 v.
1235 2490 1347 2545 545,
1383 2505 1517 2552 seqq.
1552 2504 1662 2551 pag.
1699 2504 1767 2537 m.
1791 2490 1870 2548 56,
1908 2488 1987 2546 57,
2024 2488 2319 2536 58.—SCH.

449 2553 638 2615 partes]
683 2554 742 2602 de
774 2568 824 2615 g.
850 2554 976 2615 conj.
1000 2555 1072 2602 sb.
1117 2555 1241 2600 aries
1277 2553 1521 2616 ABEGg.
1587 2553 1758 2615 (Ibid.)
1786 2550 2076 2615 succumbet]
2112 2553 2171 2600 de
2191 2568 2241 2616 g.
2261 2553 2387 2615 conj.
2410 2568 2451 2601 s.

454 2618 716 2666 succumbit
739 2618 966 2681 BEng.
998 2614 1229 2666 occumbit
1249 2616 1493 2666 A.—oR.

524 2684 637 2729 531.
670 2682 848 2745 Siquis,
881 2685 1024 2745 spatii
1061 2680 1363 2744 tantumque]
1400 2683 1458 2730 de
1481 2698 1533 2744 g.
1556 2682 1683 2745 conj.
1710 2683 1782 2733 sb.
1812 2685 1961 2745 siquis
1990 2681 2159 2743 spatiis
2178 2686 2453 2744 tantumque

457 2744 651 2809 BEGg.
683 2749 834 2809 siquis
845 2751 1229 2809 pii-titaneumque
1248 2746 1362 2809 (sic)
1385 2747 1629 2796 A.—OR..

495 2850 499 2854 .
523 2812 634 2859 532.
668 2810 783 2873 Sui]
819 2812 878 2859 de
902 2826 950 2874 g.
977 2812 1102 2873 conj.
1125 2811 1194 2858 sb.
1231 2814 1303 2857 tui
1323 2811 1386 2860 A.
1419 2816 1520 2859 suis
1543 2809 1919 2873 BEGg.-OR.

523 2877 633 2924 533.
667 2876 773 2923 Nec
808 2874 987 2939 tamen]
1022 2876 1205 2923 Versus
1225 2876 1348 2923 mihi
1369 2876 1561 2923 videtur
1582 2872 2009 2937 ἀπροσδιόνυσος,
2034 2880 2119 2922 aut
2138 2888 2336 2922 necesse
2360 2879 2451 2932 est,

459 2939 809 2987 Germanicum
843 2941 1108 2988 admodum
1147 2937 1276 2986 male
1316 2940 1617 2988 intellexisse
1659 2939 1803 2988 illum
1848 2940 1989 2987 Arati
2032 2954 2228 2986 versum
2274 2937 2447 3000 (542):

455 3000 618 3053 ὅσσον
650 3002 692 3051 δ’
697 3004 984 3068 ὀφθαλμοῖο
1018 3003 1188 3066 βολῆς
1221 3003 1551 3054 ἀποτείνεται
1586 3002 1743 3067 ἀυγή.
1810 3004 1920 3052 Hoc
1944 3011 2047 3052 est:
2086 3003 2367 3065 Quantaque
2390 3002 2452 3051 ab

453 3069 661 3117 humano
683 3086 731 3117 se
752 3071 902 3117 tendit
929 3072 1058 3118 linea
1076 3072 1196 3119 visu.
1231 3071 1408 3118 Gnor.
1476 3069 1602 3117 Haec
1620 3068 1777 3118 versio
1799 3076 1857 3117 ut
1878 3069 2000 3117 mihi
2024 3068 2222 3129 quidem
2244 3067 2450 3125 videtur,

453 3132 705 3195 interpreti
729 3134 842 3182 vitio
863 3134 1094 3182 vertenda
1114 3149 1214 3182 non
1233 3142 1310 3183 est
1331 3134 1546 3183 omnino.
1614 3135 1684 3183 Et
1703 3134 1907 3183 fortasse
1940 3132 2132 3194 scripsit
2158 3131 2345 3179 Autor:
2380 3131 2453 3179 Et

455 3205 686 3261 quantum
719 3198 947 3247 humanos
966 3202 1096 3246 visus
1116 3200 1254 3263 ,sugit
1272 3200 1468 3247 ultimus
1490 3198 1631 3247 orbis.
1696 3198 1898 3246 Etenim
1918 3198 2055 3260 Μὴ
2076 3203 2149 3244 est
2168 3196 2370 3244 discedit
2390 3196 2451 3244 ab

454 3262 610 3310 oculis
631 3264 843 3311 hominis
863 3270 1112 3312 extremus
1135 3264 1246 3312 coeli
1268 3263 1496 3311 ambitus.
1564 3263 1696 3313 Quia
1713 3262 1851 3310 locus
1872 3262 2119 3310 obscurior
2152 3267 2241 3318 cst,
2274 3260 2451 3308 addam

455 3326 689 3389 Scaligeri
710 3328 1072 3375 annotationem
1101 3328 1167 3378 ad-
1199 3328 1395 3376 Manilii
1421 3327 1506 3377 lib.
1529 3327 1570 3375 1.
1607 3343 1653 3375 ν.
1675 3328 1787 3385 545,
1810 3342 1941 3389 seqq.
1965 3342 2075 3390 quae
2096 3340 2201 3373 rem
2224 3325 2454 3388 explanat

451 3391 682 3439 mirifice:
719 3396 748 3419 ‘⁶
773 3392 995 3440 Mundus
1014 3398 1090 3440 est
1120 3392 1250 3455 pila:
1286 3399 1414 3441 terra
1451 3398 1689 3449 centrum,
1731 3406 1789 3439 ac
1820 3407 1909 3439 nos
1947 3392 2143 3454 quidem
2183 3390 2269 3452 qui
2304 3390 2357 3438 in
2394 3406 2452 3438 ea

453 3470 642 3514 sumus,
680 3457 833 3505 centri
865 3456 1024 3505 vicem
1059 3457 1351 3505 obtinemus.
1417 3456 1632 3505 Necesse
1662 3456 1829 3519 igitur,
1862 3464 2017 3505 rectas
2049 3456 2204 3503 lineas
2226 3455 2287 3504 ab
2308 3454 2449 3503 oculo

453 3528 619 3568 nostro
639 3520 693 3569 in
715 3520 895 3569 coelum
911 3521 1085 3583 jactas,
1109 3521 1320 3584 aequales
1342 3536 1448 3569 esse
1471 3536 1657 3569 omnes.
1726 3521 1925 3571 Quanta
1945 3522 2036 3569 erit
2055 3519 2187 3568 linea
2200 3520 2251 3567 in
2268 3519 2451 3567 coelum

452 3584 512 3633 ab
535 3584 677 3633 oculo
711 3586 874 3645 ducta,
910 3593 1069 3634 tantas
1109 3587 1341 3634 debemus
1373 3600 1462 3634 sex
1496 3585 1653 3633 lineas
1685 3602 1773 3649 per
1807 3592 1966 3633 totum
2002 3584 2171 3634 circuli
2210 3583 2449 3631 ambitum

450 3648 723 3711 imaginari.
790 3650 917 3700 Quae
941 3651 982 3698 si
1002 3650 1364 3713 aequidistantes
1399 3657 1726 3707 assumantur,
1758 3649 1845 3698 illo
1881 3649 2036 3712 spatio
2070 3649 2167 3696 duo
2202 3647 2447 3709 complec-

451 3719 617 3763 tentur
638 3714 837 3763 zodiaci
855 3714 1251 3763 dodecatemoria.
1318 3714 1398 3763 Sic
1419 3715 1678 3763 conficient
1698 3712 1957 3778 ἑξάγωνον
1980 3715 2177 3777 σχῆμα.
2243 3711 2377 3761 Nam
2395 3712 2451 3760 in

450 3777 634 3825 circulo
656 3778 787 3827 linea
803 3795 834 3827 a
855 3786 1024 3828 centro
1045 3780 1106 3828 ad
1126 3778 1565 3828 circumferentiam
1600 3780 1745 3827 ducta
1772 3779 1973 3842 aequalis
1994 3786 2069 3827 est
2087 3778 2147 3832 ei,
2185 3791 2295 3838 quae
2314 3776 2448 3824 intus

449 3842 502 3889 in
525 3843 706 3891 circulo
740 3844 802 3891 ad
831 3843 1272 3892 circumferentiam
1311 3843 1553 3907 descripta
1588 3843 1717 3892 latus
1754 3843 1995 3906 hexagoni
2031 3840 2448 3891 efficit.”-SCH.

579 3908 684 3955 Nec
707 3916 865 3957 tamen
885 3908 1170 3959 inhumanos
1192 3910 1268 3957 A..
1276 3909 1434 3971 fulyit
1455 3908 1703 3957 A.—OR..

513 3974 625 4021 534.
658 3973 752 4021 Bis
771 3977 894 4022 senis
913 3974 1072 4022 lucida
1105 3972 1277 4035 siynis]
1317 3974 1396 4020 Sic
1419 3972 1563 4020 alibi:
1608 3972 1719 4021 Una
1741 3975 1823 4021 via
1844 3980 1911 4020 est
1928 3972 2043 4019 solis
2064 3967 2257 4019 bissenis
2290 3968 2451 4018 lucida

445 4037 609 4099 siquis.
675 4037 824 4091 Quod
857 4038 1186 4103 usamentum
1233 4037 1531 4099 Germanici,
1571 4038 1688 4101 quia
1723 4036 2143 4101 elegantissimum
2178 4041 2267 4095 cst,
2306 4040 2357 4085 et
2386 4034 2448 4083 ad
