2992 4842
576 549 676 584 xxx
1495 550 1529 584 N
1536 549 1651 586 0⁶1·AE

577 681 694 722 sunt
715 689 870 734 voces,
903 675 956 722 in
979 675 1154 738 quibus
1179 679 1434 738 utramque
1455 675 1647 724 literam
1670 683 1997 734 servaverunt,
2022 683 2077 724 ut
2098 676 2260 736 Maia,
2286 677 2429 741 Ajax,
2458 693 2571 741 quae

579 753 668 788 cur
685 753 784 788 non
806 740 867 788 ad
889 740 1172 802 exemplum
1193 739 1491 803 reliquorum
1523 741 1675 788 latina
1708 741 2009 804 diphthongo
2030 742 2175 789 scribi
2196 743 2399 805 possint,
2434 743 2571 790 nulla

579 811 654 852 est
675 805 812 852 ratio.
884 807 1060 852 Genitae
1082 819 1140 852 ex
1163 804 1372 867 vulgatis
1393 805 1581 868 scripsi,
1616 821 1727 854 cum
1752 807 1861 854 MS.
1884 821 2133 868 perperam
2150 812 2335 869 yenitas
2354 809 2570 865 referret,

580 869 664 931 qui
691 869 820 916 male
849 870 998 917 etiam
1019 873 1062 917 si
1081 869 1209 917 ultro
1233 870 1378 917 habet
1397 885 1484 932 pro
1507 874 1549 917 si
1571 886 1688 918 vere.
1756 871 1939 918 similis
1974 871 2171 918 omnino
2204 871 2393 934 phrasis
2428 888 2573 935 supra

580 949 624 980 v.
655 934 762 981 165.
831 935 888 982 Si
921 950 1026 982 vere
1055 935 1282 996 Juppuer
1309 935 1472 996 infans
1514 933 1671 982 Ubera
1696 935 1877 984 Cretaeoe
1897 937 2310 997 mukitfidissima
2334 953 2571 998 eamne.—

582 998 826 1046 Gir-Sc
835 999 882 1046 H
888 998 1264 1048 .——Helcctra
1283 1001 1557 1062 alcioneque
1578 1001 1820 1062 celoneque
1840 1015 1903 1047 m.
1926 1000 2095 1047 P.--o
2104 1004 2158 1048 R..

651 1063 762 1110 263.
799 1061 971 1125 Maia]
999 1062 1247 1112 Antlautis
1267 1063 1483 1112 Arcadici
1506 1064 1624 1122 filia,
1664 1064 1899 1112 Mercurii
1916 1079 2105 1126 parens,
2131 1071 2180 1112 et
2200 1065 2330 1113 inter
2348 1065 2570 1113 Pleiades

577 1125 887 1190 splendidior,
925 1129 966 1176 si
1006 1128 1171 1176 Servio
1204 1129 1266 1176 ad
1301 1127 1495 1176 AEueid.
1538 1128 1624 1176 lib.
1650 1129 1806 1178 VIII.
1838 1143 1883 1177 v.
1910 1131 1999 1178 138
2036 1131 2295 1178 credimus.
2358 1128 2571 1178 Parente

579 1192 786 1252 coelifero
820 1191 1020 1255 yenivoe]
1063 1196 1267 1241 Matrem
1301 1194 1566 1241 earundem
1597 1193 1845 1241 Electram
1867 1194 2087 1242 nominat
2123 1195 2333 1242 Nonnus
2360 1195 2568 1258 Dionys.

577 1256 664 1303 lib.
688 1256 792 1304 111.
818 1258 908 1304 331
938 1273 1069 1320 seqq.
1138 1258 1230 1305 Sed
1257 1257 1397 1305 Ovid.
1421 1258 1551 1306 Fast.
1574 1257 1634 1305 V.
1660 1260 1735 1305 83.
1805 1258 1939 1305 Hinc
1962 1264 2069 1306 sata
2100 1257 2293 1306 Pleione
2314 1274 2419 1306 cum
2438 1261 2567 1307 coeli-

565 1322 679 1381 sero
721 1323 915 1369 Atlante
953 1321 1190 1384 Junqitur
1225 1328 1281 1370 ut
1303 1325 1449 1384 sama
1483 1329 1581 1370 est.-
1616 1321 1925 1386 Pleiadasque
1952 1325 2101 1385 parit.
2172 1323 2260 1371 Lis
2282 1324 2483 1371 fortasse
2506 1340 2567 1371 ex

580 1385 836 1433 Atlantum
862 1386 1136 1434 diversitate
1173 1387 1951 1449 componenda.-SCH.—---Sic
1968 1389 2025 1435 de
2044 1403 2089 1449 g.
2108 1389 2231 1449 conj.
2252 1404 2291 1434 s.
2324 1388 2565 1450 (Asterope

577 1450 761 1514 placuit
786 1452 1084 1499 Buttmanno
1105 1452 1166 1499 ad
1189 1452 1326 1499 Arati
1349 1469 1392 1500 v.
1417 1452 1531 1500 263.
1592 1449 1694 1499 Καὶ
1720 1450 1976 1516 Στερόπη.
2026 1454 2118 1499 Sed
2142 1455 2289 1500 etiam
2311 1452 2561 1501 Avienus:

576 1514 646 1564 Et
669 1515 877 1576 Sterope.
903 1517 1021 1563 item
1045 1517 1249 1564 Ovidius
1273 1517 1404 1566 Fast.
1429 1519 1476 1574 4,
1506 1516 1617 1567 172.
1686 1515 1817 1564 Nam
1841 1517 2066 1579 Steropen
2085 1518 2248 1566 Marti
2268 1517 2564 1566 concubuisse

563 1581 750 1641 jerunt.
783 1581 1096 1644 Asteropeque
1113 1589 1158 1629 et
1188 1580 1396 1643 Tayqete
1417 1589 1462 1629 et
1481 1582 1609 1629 mala
1629 1580 1739 1641 (sic)
1753 1589 1951 1644 parente
1977 1581 2043 1628 A.
2076 1580 2297 1644 Asterope
2318 1587 2362 1628 et
2384 1588 2567 1644 tayqete

578 1651 625 1691 et
646 1661 748 1692 mea
766 1652 1008 1707 parentem
1034 1646 1177 1707 EGg.
1211 1645 1431 1709 Astu-ope
1455 1652 1502 1694 et
1526 1652 1709 1708 tayyete
1725 1647 1869 1694 simul
1891 1653 1936 1694 et
1952 1661 2057 1693 mea
2070 1655 2313 1708 parentem
2338 1649 2394 1692 B.
2429 1647 2564 1694 Aste-

576 1725 688 1772 rope
721 1714 764 1756 et
817 1711 1019 1773 Tay-oete
1033 1713 1177 1758 simul
1192 1713 1477 1774 famosaque
1498 1711 1643 1758 Maia
1668 1711 1713 1758 b.
1739 1711 1965 1774 interpol.
1987 1727 2047 1759 ex
2072 1711 2275 1760 Avieno.
2312 1727 2405 1759 om.
2432 1713 2565 1759 hunc

576 1789 774 1822 versum
797 1775 1070 1824 FR—OR.

645 1841 758 1886 264.
791 1837 954 1902 Atlas]
997 1839 1156 1902 Iapeti
1189 1839 1322 1888 filius
1361 1855 1421 1887 ex
1456 1839 1579 1886 Asia
1610 1838 1793 1886 Oceani
1824 1839 1943 1886 filia.
2009 1839 2237 1903 Apollod.
2263 1839 2306 1887 1.
2328 1855 2371 1888 c.
2394 1842 2441 1896 2,
2466 1843 2489 1900 §
2516 1842 2563 1890 3.

577 1903 810 1951 Biblioth.
843 1904 1172 1967 Astrologiam
1201 1905 1401 1960 invenit,
1437 1903 1627 1952 Plinius
1651 1903 1773 1951 VII.
1797 1919 1842 1952 c.
1861 1905 1939 1952 56.
2010 1905 2243 1953 Heraclit.
2279 1905 2337 1951 de
2373 1904 2567 1954 Incred.

579 1983 684 2030 cap.
727 1970 773 2016 4.
859 1970 1054 2017 Primus
1093 1985 1266 2018 navem
1302 1969 1563 2017 fabricatus
1600 1969 1856 2030 navigavit.
1940 1967 2169 2017 Clemens
2211 1970 2566 2017 Alexandrinus

579 2035 754 2080 Strom.
775 2033 860 2082 lib.
887 2034 926 2081 Ῑ.
949 2049 997 2096 p.
1023 2034 1134 2085 307.
1161 2034 1224 2081 A.
1294 2035 1569 2082 Conversus
1590 2033 1642 2080 in
1667 2041 1898 2090 montem,
1933 2035 2121 2096 objecto
2146 2035 2367 2082 Medusae
2392 2035 2565 2096 capite.

581 2098 722 2145 Ovid.
747 2098 869 2146 Met.
892 2098 982 2147 IV.
1009 2099 1104 2146 650
1125 2099 1470 2161 seqq.—SCH.
1611 2098 1795 2146 Genitoe
1810 2115 1828 2156 ,·
1861 2103 1903 2146 si
1934 2098 2063 2161 vere]
2104 2099 2305 2162 (F)Psb.
2336 2101 2569 2160 yenitaest

578 2179 684 2210 vere
708 2162 770 2211 A.
799 2168 984 2224 yenitas
1005 2168 1047 2212 si
1067 2181 1176 2210 vero
1197 2165 1261 2211 E.
1294 2167 1479 2226 yenitas
1493 2168 1536 2211 si
1556 2177 1693 2210 verus
1708 2165 1765 2210 B.
1794 2167 1981 2225 yenitas
2000 2166 2043 2210 si
2060 2165 2189 2212 ultro
2212 2164 2274 2210 G.
2302 2167 2506 2224 genitas,
2524 2167 2567 2211 si

578 2242 684 2274 vere
707 2242 758 2289 g.
791 2229 898 2276 alas
919 2231 975 2276 A.
1010 2228 1178 2276 adhlas
1199 2231 1255 2275 B.
1287 2228 1479 2276 athlans
1500 2228 1564 2275 E.
1598 2227 1757 2275 athlas
1775 2228 2013 2275 P.—OR.

645 2293 756 2340 265.
788 2291 900 2356 Ipso
915 2295 1121 2356 pondere
1132 2291 1328 2355 yaudet]
1358 2293 1489 2340 Adde
1510 2293 1606 2339 huc
1630 2292 1943 2340 Phurnutum
1966 2293 2025 2340 de
2049 2299 2208 2340 natur.
2243 2293 2392 2341 Deor.
2415 2308 2459 2340 c.
2484 2294 2566 2351 26,

579 2363 629 2404 et
668 2356 811 2404 ovid.
853 2359 1055 2406 Metam.
1091 2359 1172 2405 lib.
1215 2358 1287 2405 11.
1326 2373 1370 2406 v.
1401 2359 1519 2406 296.
1583 2357 1677 2403 Sed
1724 2358 1960 2405 Hesiodus
2002 2358 2053 2404 in
2084 2358 2333 2418 Theogon.
2374 2374 2417 2404 v.
2453 2358 2566 2415 517,

579 2419 771 2480 ’Aa-Aac
792 2419 836 2469 δ’
855 2423 1082 2486 οὐρανον
1104 2421 1256 2486 ἑυρὺν
1279 2420 1385 2484 ἔχει
1407 2423 1658 2487 κρατερῆς
1682 2421 1772 2469 ὑπ’
1794 2419 2045 2486 ἀνάγκης.
2070 2422 2179 2469 add.
2204 2421 2392 2486 Hygini
2414 2423 2565 2471 fabul.

582 2488 676 2535 150
712 2497 763 2537 et
798 2489 996 2536 Pindari
1032 2489 1175 2552 Pyth.
1215 2488 1294 2536 od.
1336 2486 1639 2536 IV.—-SCH.
1774 2487 1966 2550 Reyiua
1995 2487 2111 2550 (sic)
2144 2489 2198 2534 P.
2231 2503 2488 2551 superoque
2510 2491 2564 2536 P.

673 2570 728 2602 ue
749 2553 988 2602 B.—-OR.

576 2553 754 2666 adg66.
785 2619 901 2666 Non
922 2615 1109 2678 inultis]
1143 2615 1214 2663 ita
1252 2615 1360 2665 MS.
1428 2617 1559 2664 Male
1582 2617 1781 2679 vulgati,
1806 2617 1970 2664 multo.
2036 2616 2137 2664 GR.
2207 2613 2371 2676 Plias]
2396 2616 2564 2663 Etiam

577 2681 798 2731 Rutilius
824 2683 1045 2730 Itinerar.
1071 2697 1114 2730 v.
1145 2683 1234 2730 187
1259 2681 1312 2728 in
1335 2680 1585 2743 singulari,
1630 2681 1840 2730 occidua
1874 2681 2025 2743 infido
2067 2679 2182 2728 dum
2216 2683 2349 2728 saevit
2376 2684 2565 2743 qurqite

573 2745 728 2806 Plias,
766 2747 990 2810 Dumque
1015 2747 1270 2809 procellosi
1311 2749 1531 2810 temporis
1566 2749 1643 2794 ira
1678 2745 1809 2794 cadit
1824 2763 1839 2793 .-
1871 2745 2151 2806 Respectare
2174 2745 2321 2807 juvat
2360 2749 2564 2793 vicinam

573 2813 934 2926 ’ἕέἓιὝζῗῖἒ
957 2811 1153 2925 {ts-'³‘
1177 2811 1381 2923 {¹0fo
1401 2815 1669 2938 Ἢῶῗξῧ·
1690 2810 2189 2936 Ῑὲὲέδὲςῗψέῖῖἰῗ
2211 2811 2564 2936 3÷“f‘³1‘‚‘⁸}'}13¹1¹5⁰5

571 2939 742 2991 Pleias
763 2895 894 2991 FPii.
926 2940 1065 2990 Plias
1085 2940 1301 3002 ABEgs.
1338 2940 1587 2988 Omittunt
1606 2941 1738 2988 hune
1761 2955 1805 2988 v.
1836 2939 2171 2987 BEG.—OR.
2354 2965 2359 2970 ·

641 3008 751 3057 267.
784 3006 1032 3069 Praecipuo
1067 3006 1150 3053 sed
1182 3003 1380 3066 honore]
1423 3005 1559 3052 Male
1600 3006 1736 3053 deest
1776 3005 1855 3052 hic
1900 3020 2068 3052 versus
2110 3004 2163 3050 in
2209 3003 2561 3066 Manuscripto.

575 3070 842 3134 Sequentes
862 3087 1050 3134 quoque
1075 3071 1170 3118 duo
1184 3085 1436 3132 perperam
1461 3070 1605 3132 positi
1629 3077 1743 3118 sunt
1764 3077 1875 3132 post
1888 3069 2015 3128 illos,
2037 3069 2121 3130 qui
2138 3068 2264 3115 infra
2278 3077 2565 3130 sequuntur,

574 3134 896 3184 Plurimulum
915 3144 1112 3199 acceptae
1133 3141 1179 3182 et
1199 3135 1432 3182 devictam
1452 3136 1665 3197 effiqiem.
1726 3135 1827 3181 Gn.
1883 3132 2157 3196 Proecipuo]
2183 3133 2316 3181 Nam
2340 3133 2562 3182 Pleiades

570 3215 658 3262 per
690 3208 848 3248 totum
883 3217 1069 3248 annum
1109 3200 1503 3258 observabantur,
1538 3199 1751 3247 maxime
1786 3214 1817 3246 a
1850 3199 2027 3246 nautis.
2096 3199 2229 3246 Loca
2260 3198 2417 3246 multa
2449 3205 2565 3246 sunt

571 3273 790 3313 veterum
834 3281 892 3314 ea
932 3266 992 3313 de
1031 3281 1096 3312 re.
1165 3264 1406 3313 Quocirca
1440 3263 1620 3312 Nonno
1664 3264 1869 3326 Dionys.
1908 3263 1981 3311 ΙΙ.
2016 3279 2061 3310 v.
2102 3264 2175 3320 15,
2212 3278 2257 3323 p.
2281 3264 2359 3310 40.
2394 3270 2559 3322 nauta,

574 3329 758 3377 Sirenis
779 3337 926 3378 cantu
949 3337 1135 3392 captus,
1171 3329 1346 3376 dicitur
1375 3328 1542 3391 ἅςρον
1576 3328 1765 3385 ἐάσσας
1799 3325 2041 3385 πλειάδος
2074 3327 2403 3392 ἐπταπόροιο.
2474 3327 2561 3374 In*-

570 3395 740 3456 primis
763 3401 928 3442 autem
952 3394 1325 3442 observabantur
1347 3409 1513 3440 earum
1539 3401 1673 3442 ortus
1697 3401 1745 3441 et
1769 3409 1965 3441 occasus
1988 3401 2097 3454 post
2120 3393 2421 3456 aequinoctia.
2484 3393 2562 3439 De

572 3459 748 3520 quibus
770 3459 1115 3521 intelligendus
1137 3465 1211 3506 est
1235 3465 1376 3505 autor
1397 3465 1579 3506 noster.
1646 3457 1748 3508 Qui
1770 3475 1829 3506 ex
1852 3459 1957 3521 ipsa
1992 3458 2245 3507 Pleiadum
2269 3457 2563 3518 contempla-

573 3525 702 3572 tione
720 3524 910 3571 facilius
931 3524 1236 3584 intelligitur,
1271 3537 1419 3585 quam
1442 3539 1501 3570 ex
1523 3523 1855 3584 copiosissima
1885 3530 1934 3570 et
1966 3523 2303 3571 confusissima
2338 3521 2562 3569 Salmasii

571 3589 912 3651 disputatione,
936 3589 986 3636 in
1013 3589 1259 3636 exercitat.
1327 3587 1539 3634 Plinian.
1562 3603 1673 3650 pag.
1691 3590 1803 3646 523,
1827 3590 1937 3635 524.
2007 3587 2153 3636 Quod
2173 3593 2339 3634 autem
2374 3586 2563 3633 Salma-

571 3654 674 3702 sius
707 3651 967 3712 exisfimat,
1006 3653 1357 3701 Germanicum
1375 3653 1499 3699 nihil
1533 3653 1591 3700 de
1625 3660 1733 3700 ortu
1758 3659 1807 3700 et
1828 3668 2001 3700 occasu
2024 3652 2350 3715 Vergiliarum
2372 3665 2559 3698 memo-

568 3722 702 3766 rasse
739 3720 791 3766 in
827 3718 1067 3766 reddendo
1103 3717 1210 3766 loco
1245 3718 1441 3774 Arateo,
1477 3718 1700 3779 equidem
1722 3733 1820 3764 non
1840 3717 2075 3778 intelligo.
2160 3717 2295 3769 Quid
2315 3716 2446 3763 enim
2471 3715 2563 3762 sibi

568 3783 740 3832 volunt
777 3784 921 3832 verba
957 3787 1004 3829 et
1043 3797 1148 3830 cum
1187 3780 1379 3843 swryit?
1445 3783 1693 3844 Deceptus
1728 3783 1817 3829 Vir
1853 3781 2298 3844 perspicacissimus
2336 3787 2560 3842 corrupto

568 3849 803 3898 vocabulo
835 3851 1064 3912 piw‘mum,
1101 3853 1158 3894 ut
1194 3862 1380 3907 suryere
1415 3847 1615 3894 referret
1656 3848 1716 3895 ad
1759 3847 1987 3894 hiemem.
2071 3846 2219 3895 Quod
2259 3846 2415 3893 facere
2462 3860 2562 3892 non

568 3913 758 3971 licebat,
805 3915 846 3960 si
892 3912 1090 3975 quidem
1133 3911 1373 3958 sententia
1417 3910 1615 3973 elegans
1661 3918 1709 3959 et
1757 3911 2051 3960 Germanico
2086 3911 2233 3972 digna
2266 3909 2561 3958 efflorescere

568 3979 776 4025 deberet.
843 3975 1042 4040 Surqere
1063 3982 1227 4024 autem
1253 3991 1339 4024 seu
1361 3976 1489 4032 oriri,
1526 3983 1575 4023 et
1597 3978 1806 4024 occidere
1830 3991 1917 4024 seu
1940 3976 2098 4038 perire
2119 3975 2275 4023 varias
2299 3974 2442 4022 habet
2464 3974 2558 4034 sig-

569 4042 886 4102 nificationes,
927 4049 979 4090 ut
1019 4056 1079 4089 ex
1120 4040 1472 4089 Astronomicis
1515 4048 1703 4089 constat
1738 4041 2006 4088 clementis.
2090 4040 2215 4088 Vide
2238 4055 2297 4088 ex
2318 4039 2559 4087 veteribus
