2992 4842
1054 574 1124 608 An
1149 574 1503 609 ruAENousus
1530 573 1765 609 Anum.
2305 556 2411 604 lxix

409 698 585 749 vimus.
654 699 794 750 Quin
832 705 882 747 et
913 700 1018 762 ipse
1056 699 1396 756 Germanicae,
1431 706 1488 747 ut
1512 707 1647 762 puto,
1682 714 1828 762 supra
1847 714 1894 747 v.
1919 696 2031 758 270,
2048 700 2133 761 pio
2154 699 2267 746 coelo
2288 698 2411 745 nitet

410 765 535 813 dixit
556 766 614 813 de
639 768 782 827 Lyra.
849 764 1133 813 Miserabile
1153 765 1283 811 sidus
1305 763 1451 811 etiam
1470 779 1618 826 supra
1638 780 1682 812 v.
1708 766 1770 813 73
1791 764 1931 813 dixit.
2000 763 2101 811 Gn.
2168 762 2411 810 Praeclare

413 830 616 877 Grotius
639 830 804 877 omnia
822 830 1092 877 restituisse
1115 830 1237 875 mihi
1258 828 1464 885 videtur,
1498 835 1675 891 praeter
1695 844 1861 876 versus
1883 828 2234 891 trajectionem,
2272 826 2413 890 (nam

412 910 470 941 ea
490 902 731 957 repugnat
753 893 1007 942 oculorum
1031 892 1330 952 testimonio)
1366 900 1415 941 et
1433 908 1589 955 pauca
1611 894 1719 941 alia.
1788 892 1929 941 Abiet
1948 893 2079 941 enim
2102 893 2303 955 ponitur
2324 908 2412 955 pro

409 960 558 1006 altius
587 958 884 1021 provehetur.
953 958 1130 1020 Neque
1169 974 1255 1021 pro
1289 960 1394 1019 lyra
1432 958 1713 1019 ponendum
1756 956 1938 1006 Chiron
1952 974 1967 1005 .·
2018 957 2115 1004 Sed
2146 958 2205 1004 de
2250 964 2413 1004 vetere

409 1023 620 1071 lectione
655 1038 802 1086 quam
836 1022 1098 1070 minimum
1131 1022 1482 1071 recedendum:
1521 1029 1577 1070 ut
1596 1038 1688 1084 ego
1710 1022 1835 1069 facio
1854 1023 1909 1069 in
1929 1022 2166 1085 principio
2192 1022 2414 1083 ejusdem

411 1103 598 1145 versus,
621 1096 671 1135 et
691 1088 912 1149 proximo
934 1087 1178 1135 inferiore.
1245 1086 1378 1133 Nam
1415 1102 1459 1133 v.
1501 1086 1592 1134 621
1630 1088 1691 1134 ad
1727 1088 1860 1134 Arati
1897 1088 2224 1146 autoritatem,
2262 1102 2413 1147 quam

413 1152 644 1214 defugere
679 1153 732 1200 in
766 1167 820 1199 re
857 1152 1002 1199 dubia
1037 1167 1137 1199 non
1172 1152 1302 1209 licet,
1339 1151 1510 1198 itidem
1547 1152 1843 1199 conformavi
1866 1152 2184 1199 curatissime.
2252 1152 2411 1208 Adde,

413 1218 546 1279 quod
569 1217 1063 1269 adsonstructionem
1081 1218 1304 1277 pertinet,
1330 1231 1376 1263 v·
1395 1217 1507 1263 690.
1574 1216 1731 1264 Versu
1748 1217 1845 1263 624
1864 1222 2095 1263 resecetur
2114 1216 2376 1279 praeopmvi
2397 1234 2409 1264 z

413 1282 643 1329 damnavi
661 1282 905 1341 referetur,
929 1297 990 1328 ne
1012 1281 1137 1329 coelo
1159 1288 1208 1329 et
1231 1280 1484 1328 oculorum
1506 1281 1620 1328 fidei
1640 1281 1869 1342 refragari
1893 1282 2113 1328 videatur
2132 1279 2413 1341 intelligens

414 1346 533 1393 artis
555 1361 656 1393 suae
679 1346 1040 1408 scriptor.—SC
1050 1344 1393 1407 H.—Aliis]
1415 1345 1521 1392 BE.
1545 1353 1599 1392 ut
1615 1345 1805 1393 volebat
1818 1362 1865 1407 g.
1884 1346 1955 1393 sb.
1990 1346 2080 1393 alii
2104 1345 2203 1406 Gg.
2240 1345 2413 1406 (Ibid.)

413 1416 553 1459 noete
587 1412 796 1458 eluctata
831 1410 1076 1473 suprema]
1112 1409 1170 1456 de
1207 1424 1256 1470 g.
1296 1411 1422 1471 conj.
1463 1411 1536 1457 sb.
1583 1416 1765 1457 noctem
1786 1412 2029 1471 fluctuata
2060 1424 2278 1471 suprema
2314 1409 2414 1472 Gg.

412 1476 844 1536 noctemfluctuata
864 1490 1131 1537 supremam
1154 1474 1444 1523 BE.—OR.

482 1540 594 1587 633.
633 1538 753 1601 Illa]
781 1540 932 1601 Ggsb.
979 1540 1063 1587 etue
1086 1538 1194 1588 BE.
1244 1538 1422 1602 (Ibid.)
1445 1536 1605 1601 nocte]
1634 1538 1694 1586 E.
1749 1538 1970 1603 (firmans
2005 1537 2198 1587 emend.
2234 1538 2304 1601 g.)
2342 1539 2415 1587 sb.

416 1609 602 1653 noctem
627 1604 950 1666 Bag—OB..

483 1668 596 1715 634.
635 1668 811 1716 Cursus
834 1668 1072 1717 B.—OR.

483 1732 598 1781 635.
636 1732 839 1795 Occasu]
875 1733 934 1779 de
967 1748 1014 1795 g.
1039 1732 1228 1780 emend.
1253 1733 1326 1781 sb.
1367 1733 1565 1780 Occasus
1588 1731 1783 1794 BEGg.
1818 1731 1990 1795 (Ibid.)
2008 1730 2196 1795 rursus]
2222 1731 2415 1795 BEGg.

415 1814 605 1846 rursum
627 1798 700 1846 sb.
735 1797 908 1859 (Ibid.)
931 1795 1061 1860 ortu]
1087 1797 1296 1858 EGgsb.
1330 1804 1460 1845 ortus
1483 1798 1721 1846 B.-OR.
2084 1806 2092 1815 ¹

483 1861 594 1909 636.
633 1862 782 1910 Crure
815 1862 960 1910 simul
1001 1862 1158 1910 Chelis
1181 1860 1405 1924 sulqens]
1433 1878 1470 1909 s.
1495 1862 1622 1923 conj.
1662 1861 1826 1920 Crure,
1862 1862 2006 1909 simul
2030 1861 2182 1909 Chelae
2192 1860 2413 1925 julqent]

417 1926 638 1987 BEng.
660 1926 836 1987 (Ibid.)
857 1925 1101 1989 Scorpios]
1128 1928 1273 1988 EGg.
1297 1929 1519 1989 Scorpius
1537 1927 1652 1974 Bsb.
1720 1926 1901 1974 Totum
1920 1926 2083 1974 locum
2097 1927 2168 1973 sic
2182 1926 2418 1989 refingere

418 1998 622 2039 conatus
637 1997 712 2037 est
734 1991 966 2039 Grotius:
1007 1993 1167 2049 Orare,
1182 1991 1326 2038 sivnul
1342 1991 1496 2039 Chelae
1504 1993 1719 2053 sulyent,
1736 2006 1879 2053 quum
1897 1991 2116 2053 Scorpios
2134 1994 2245 2049 exit,
2268 1990 2421 2038 Haud

422 2060 674 2103 cunctatus
706 2055 808 2103 abit
820 2073 836 2103 .·
869 2071 1013 2118 quum
1056 2055 1238 2103 Chiron
1268 2063 1425 2117 suryet
1445 2054 1509 2103 ab
1530 2058 1670 2103 undis
1689 2056 1931 2119 Arcusque
1950 2059 2054 2118 ipsa
2068 2059 2153 2118 pio
2174 2057 2283 2103 oaelo
2304 2056 2418 2115 νηῆ-

417 2126 552 2168 retur
585 2122 757 2183 imaqo,
791 2120 910 2167 Jam
949 2122 1060 2168 totis
1088 2120 1250 2167 radiat
1282 2120 1501 2169 membris
1532 2122 1798 2169 miserabile
1826 2122 1974 2169 sidus.
2018 2120 2303 2181 Imperfecta
2325 2128 2422 2168 cet.

422 2185 634 2247 Recepit
667 2186 794 2233 hanc
831 2200 878 2247 g.
919 2185 1251 2246 conjecturam
1285 2188 1333 2233 b.
1367 2193 1559 2234 retenta
1591 2196 1757 2233 tamen
1788 2200 1877 2233 suo
1900 2186 2008 2233 loco
2032 2185 2153 2233 Cdd.
2176 2184 2417 2241 lectione3

419 2249 551 2297 unde
574 2249 711 2297 mirae
731 2249 886 2297 turbae
908 2256 1026 2297 ortae
1051 2256 1165 2297 sunt
1187 2249 1239 2296 in
1261 2250 1366 2311 ejus
1387 2249 1797 2298 editione.—OR.

488 2312 600 2364 637.
632 2314 752 2361 Jam
771 2311 903 2375 totis]
931 2314 994 2361 E.
1029 2319 1086 2361 ut
1100 2313 1291 2362 volebat
1311 2329 1358 2376 g.
1383 2315 1452 2361 sb.
1495 2314 1623 2363 Tum
1642 2316 1752 2362 totis
1770 2314 1829 2363 Β.
1872 2316 1991 2362 Tam
2008 2316 2118 2361 totis
2138 2313 2420 2375 Gg.—0R.

488 2378 599 2425 638.
636 2380 706 2425 At
725 2394 868 2440 quum
889 2384 1049 2426 tantus
1071 2376 1197 2439 abit]
1223 2378 1502 2441 BEGg(b.)
1536 2383 1607 2427 Ac
1633 2384 1733 2427 tum
1754 2386 1942 2427 tantum
1956 2379 2082 2427 abiet
2100 2379 2210 2440 (sic)
2232 2395 2272 2427 S.
2291 2379 2421 2440 conj.

422 2442 598 2504 (Ibid.)
618 2441 794 2505 surqit]
815 2446 872 2490 B.
905 2450 1074 2505 suryat
1095 2442 1484 2504 EGgsb.—OR..

491 2507 601 2554 639.
639 2506 786 2554 Arcus
823 2511 930 2569 ipsa
968 2523 1054 2555 suo
1091 2506 1227 2569 caelo]
1269 2508 1349 2555 Sic
1385 2508 1573 2571 scripsi.
1618 2506 1747 2571 Arqo
1768 2510 1895 2571 sipia
1927 2508 2066 2568 (siria
2088 2506 2171 2566 E.)
2204 2522 2289 2555 suo
2310 2509 2420 2555 coelo

425 2570 622 2632 BEGg.
655 2572 702 2618 b.
736 2571 887 2620 altero
907 2572 1037 2621 loco.
1087 2572 1328 2635 Arcusque
1349 2576 1452 2636 ipsa
1479 2576 1567 2635 pio
1596 2574 1705 2621 caelo
1728 2573 1821 2635 (g.)
1840 2574 1884 2620 b.
1908 2573 2061 2620 altero
2082 2572 2209 2620 loco.
2244 2571 2422 2635 (Ibid.)

417 2634 673 2697 referetur]
700 2635 758 2683 de
779 2652 829 2695 3.
854 2638 981 2748 (εὸιῄ.
1004 2637 1053 2685 b.
1085 2638 1294 2698 refertw
1324 2638 1517 2700 BEGg.
1550 2636 1795 2701 Arqusque
1817 2640 1925 2700 ipsa
1948 2640 2034 2699 pio
2057 2637 2167 2684 coelo
2190 2640 2423 2685 resecetur

423 2702 582 2761 imaqo
607 2716 645 2747 s.
669 2702 860 2762 conj.—
914 2702 979 2749 R.

488 2764 604 2812 640.
645 2763 766 2811 Cum
803 2770 902 2812 tota
935 2780 1124 2822 corona,
1157 2764 1230 2812 Et
1273 2764 1454 2813 Chiron
1485 2770 1627 2829 prius
1660 2768 1725 2814 ad
1759 2766 1961 2813 caudam
1980 2767 2275 2827 coquo-scitur
2294 2764 2419 2828 una]

423 2828 554 2891 lege,
588 2836 647 2877 ut
667 2831 882 2891 expressi
897 2830 1002 2891 jam
1025 2836 1151 2877 sunt.
1213 2832 1314 2878 Gn.
1369 2831 1463 2879 Vel
1501 2832 1628 2893 lege,
1664 2832 1810 2879 udam
1827 2845 1913 2893 pro
1945 2828 2289 2877 Um—SCH.

429 2891 584 2950 Tum]
608 2893 666 2940 de
691 2908 739 2954 g.
764 2895 956 2942 emend.
979 2895 1050 2942 sb.
1085 2910 1192 2941 cum
1208 2896 1581 2957 BEGg.—OR.

491 2958 604 3005 641.
636 2955 784 3020 Pius]
823 2959 882 3006 de
917 2974 965 3021 3.
999 2958 1190 3007 emend.
1223 2961 1294 3009 sb.
1337 2964 1479 3023 prius
1503 2961 1690 3023 BEGg.
1727 2958 1903 3022 (Ibid.)
1923 2956 2095 3021 imam]
2122 2957 2202 3005 de.
2224 2972 2273 3020 3.
2296 2959 2422 3021 conj.

423 3021 496 3069 sb.
530 3024 630 3069 ima
652 3024 753 3070 BE.
787 3038 886 3070 una
910 3023 1190 3086 Gg.-0R.

491 3086 604 3133 642.
643 3086 775 3134 Tune
801 3094 988 3149 pectore
1016 3086 1223 3151 pennas]
1259 3087 1422 3136 Possit
1439 3088 1539 3151 legi
1560 3091 1729 3137 vertice
1751 3103 1837 3151 pro
1853 3094 2057 3151 pectore,
2095 3086 2211 3149 quia
2240 3086 2424 3136 Aratus

429 3148 592 3208 habet,
624 3167 670 3198 v.
698 3152 826 3199 625:
861 3154 1035 3216 Τῆμος
1070 3150 1432 3217 (ἐποιχομένην
1471 3152 1704 3217 κεφαλὴν
1738 3150 2044 3217 μεταδύεται
2079 3149 2261 3209 ἵππος.
2330 3152 2427 3200 Sed

425 3214 600 3262 Cicero
621 3230 812 3278 quoque
835 3224 982 3279 caput
998 3232 1098 3264 non
1118 3219 1369 3280 expressit,
1392 3233 1438 3265 v.
1454 3219 1581 3266 662:
1618 3218 1720 3267 Hic
1734 3234 1783 3265 se
1792 3219 1903 3281 jam
1917 3225 2065 3267 totum
2090 3233 2231 3266 caecas
2253 3217 2428 3281 Equus

425 3278 558 3326 abdit
599 3282 652 3328 iu
691 3280 896 3330 umbras.
973 3281 1132 3329 Versu
1175 3298 1367 3345 quoque
1410 3282 1633 3345 sequenti
1675 3291 1845 3345 pectus
1882 3283 2117 3340 nominat,
2158 3283 2289 3346 quod
2325 3298 2425 3330 non

422 3342 646 3392 nominat
677 3347 878 3393 Aratus.
946 3345 1042 3393 Sed
1065 3362 1205 3395 mens
1227 3347 1369 3394 Arati
1393 3353 1442 3393 et
1466 3348 1764 3406 Germanici,
1800 3348 1841 3395 si
1862 3355 1991 3396 recte
2024 3354 2283 3409 spectetur,
2317 3347 2425 3395 haec

424 3414 529 3463 est3
566 3408 742 3471 Equus
763 3410 982 3472 quiante
1003 3412 1160 3473 capite
1182 3418 1231 3458 et
1252 3412 1375 3460 collo
1411 3420 1517 3461 erat
1556 3414 1851 3473 submersus,
1892 3428 2024 3460 nunc
2064 3418 2197 3460 totus
2234 3412 2427 3462 occidit.

427 3472 497 3519 Et
515 3472 609 3520 hoc
631 3480 706 3521 est
727 3472 959 3537 κεφαλὴν
977 3472 1286 3537 μεταδύεται
1312 3472 1499 3534 ἵππος.
1569 3477 1771 3541 Cygnus
1794 3478 1877 3540 qui
1898 3477 1989 3525 sub
2015 3476 2212 3538 Virgine
2233 3484 2427 3539 pectore

425 3542 478 3583 et
496 3538 670 3599 pennis
692 3539 946 3596 occiderat,
969 3554 1101 3588 nunc
1123 3548 1253 3588 totus
1273 3541 1468 3591 recedit.
1536 3542 1646 3590 Hoc
1670 3542 1803 3590 enim
1828 3549 1903 3591 est
1931 3556 2208 3604 proemersus
2238 3546 2427 3604 pectore

424 3615 616 3663 cyqnus.
685 3602 830 3651 Hanc
863 3604 1215 3665 expositionem
1255 3605 1415 3654 firmat
1456 3606 1686 3668 Hyginus
1708 3613 1758 3654 et
1783 3607 2071 3662 Martianus,
2093 3606 2178 3653 lib.
2203 3605 2353 3653 VIII.
2377 3621 2425 3668 p.

425 3666 537 3713 283.
576 3666 746 3715 Gnor.
818 3667 1008 3730 Cygnus
1026 3685 1304 3731 proemersus
1335 3671 1487 3718 cauda
1526 3686 1622 3718 non
1660 3672 1781 3719 lucet
1807 3678 2013 3734 pectore,
2036 3670 2086 3717 id
2110 3676 2199 3729 est,
2224 3669 2427 3732 Cygnus

425 3730 510 3791 qui
532 3731 736 3778 caudam
752 3733 965 3795 primum
983 3734 1035 3780 in
1051 3749 1185 3782 mare
1209 3734 1388 3792 intulit,
1406 3735 1563 3797 capite
1586 3736 1829 3784 eminente
1857 3734 2060 3798 paulum
2082 3748 2227 3796 super
2248 3746 2427 3796 aquam

423 3808 542 3842 mox
564 3810 659 3842 non
684 3796 830 3843 lucet.
898 3796 1030 3845 Nam
1051 3805 1196 3861 caput
1215 3799 1371 3847 stellis
1393 3799 1560 3862 paucis
1580 3800 1869 3862 insignitum
1891 3807 1981 3857 est,
1999 3806 2047 3845 et
2068 3798 2225 3859 magis
2248 3799 2423 3860 magis-

425 3874 528 3970 queS
533 3860 684 3971 0111113,τί
720 3861 1044 3923 immergitur,
1096 3864 1139 3911 si
1181 3863 1447 3912 Poetarum
1488 3864 1705 3927 opinioni
1741 3864 2083 3915 convenienter
2116 3862 2252 3925 loqui
2287 3862 2421 3911 licet.

493 3988 606 4039 643.
647 3988 837 4053 qunus
859 3988 956 4053 Gg.
991 3994 1156 4054 caynus
1177 3992 1416 4047 B.-0R.
