2992 4842
553 572 642 636 20
1357 594 1753 640 osanamct

559 729 798 795 Omnia
825 731 1171 798 mitescunt
1199 733 1547 817 tranquillo
1576 734 1781 798 sidere
1812 731 2084 811 Cancri;

559 817 778 882 Siccus
808 816 929 882 erit
961 816 1118 895 Le0,
1149 819 1472 918 praecipue
1504 842 1707 904 quum
1735 831 1994 905 pectora
2020 820 2289 886 fervent.

556 901 762 986 Virgo
785 903 980 968 refert
1006 904 1253 988 pluvlas
1283 916 1349 968 et
1377 917 1708 988 permovet
1734 915 1881 972 aera
1901 907 2128 970 ventiS.
2485 907 2544 953 10

557 988 801 1053 Lenius
831 1001 929 1053 est
958 988 1175 1054 Librae
1203 991 1494 1074 signum3
1540 991 1649 1054 vix
1682 1002 1853 1055 rorat
1879 991 1950 1056 in
1975 991 2109 1068 illo,

561 1075 858 1159 Scorpios
887 1075 1138 1139 assidue
1169 1077 1325 1140 caelo
1357 1076 1762 1141 minitabitur
1788 1077 1971 1160 ignes
1996 1102 2011 1154 ;

558 1160 830 1225 Lentior
856 1161 924 1224 in
955 1161 1247 1246 pluvias†
1276 1162 1477 1245 magis
1506 1162 1752 1226 invenit
1782 1185 1927 1226 arva
1957 1162 2210 1246 quieta:

556 1245 778 1331 Atque
809 1257 1018 1310 truces
1044 1246 1221 1311 venti
1249 1247 1448 1312 densa
1474 1248 1619 1310 nive
1649 1269 1819 1331 saepe
1849 1248 2173 1331 rigebunt.

557 1331 737 1396 Rara
768 1329 1140 1415 Sagittifero
1171 1333 1565 1397 descendunt
1592 1333 1857 1396 flumina
1888 1333 2115 1411 terris;
2485 1333 2543 1379 ¹⁵

559 1417 910 1501 AEgoceros
939 1419 1077 1482 aliis
1105 1419 1332 1503 parcit,
1364 1419 1475 1482 sed
1504 1419 1743 1501 frigora
1770 1419 1981 1497 durat,

559 1502 986 1587 Instabilique
1013 1505 1164 1587 gelu
1191 1503 1358 1568 fallit
1383 1505 1651 1587 vestigia
1678 1526 1923 1589 passus.

561 1588 700 1656 Qui
720 1589 934 1653 fundit
961 1588 1179 1654 latices
1208 1591 1364 1654 caelo
1440 1612 1653 1674 uoque
1681 1601 2010 1675 permovet
2038 1590 2292 1654 imbres,

562 1674 798 1739 Omnia
813 1675 1174 1740 'miscentur
1203 1698 1349 1742 cum
1438 1676 1706 1754 iscibus3
1754 1699 1979 1760 aspera
2008 1676 2211 1740 ventis

559 1759 856 1845 AEquora
884 1761 1174 1826 turbatos
1201 1761 1464 1826 volvunt
1494 1762 1575 1826 ad
1604 1761 1808 1826 sidera
1839 1763 2073 1826 fluctus
2098 1788 2115 1838 ς
2484 1761 2549 1807 ²⁰

560 1845 886 1911 Imbribus
914 1847 1228 1912 incumbit
1256 1847 1482 1911 caelum
1516 1847 1842 1932 solemque
1872 1847 2201 1924 recondit3

562 1932 898 1996 Grandine
927 1934 1219 2017 pulsatur
1247 1933 1438 1996 tellus
1463 1959 1478 2011 3
1528 1933 1671 1998 nive
1700 1933 1940 1998 moenia
1968 1933 2224 1998 durant.

560 2015 728 2083 Haec
758 2029 834 2082 ut
863 2019 1136 2104 quisque
1167 2019 1324 2082 deus
1351 2018 1637 2103 possedit
1664 2020 1928 2083 numine
1958 2019 2165 2102 signa,

560 2103 952 2189 Adjungunt
980 2104 1268 2189 proprias
1298 2105 1481 2169 vires.
1572 2102 1851 2190 Torpere
1880 2104 2181 2169 videntur

564 2189 803 2254 Omnia
835 2186 1115 2254 Saturno
1141 2217 1156 2268 ;
1189 2212 1362 2254 raros
1392 2190 1501 2254 ille
1532 2191 1839 2274 exprimit
1867 2191 2046 2273 ignes
2490 2189 2553 2234 25

561 2273 653 2340 Et
681 2275 875 2339 siccas
905 2275 1147 2340 hiemes
1177 2275 1495 2340 adstrictis
1525 2276 1773 2360 perficit
1804 2276 1991 2339 undis
2016 2302 2033 2353 ;

571 2361 908 2426 Grandine
940 2361 1253 2426 durantur
1280 2361 1556 2446 pluviae3
1603 2363 1747 2426 nive
1778 2362 2019 2445 grando
2048 2360 2382 2446 putrescit,

563 2449 648 2511 Et
675 2447 848 2528 rigor
877 2448 1120 2512 accedit
1145 2449 1350 2512 ventis
1375 2473 1390 2524 3
1439 2447 1811 2512 mitissimus
1840 2448 1949 2511 ille

719 2533 759 2572 ι
937 2533 977 2572 ι
1153 2534 1193 2573 ι
1367 2535 1407 2574 ι
1585 2534 1625 2573 ι
1800 2535 1840 2574 ι
2017 2534 2057 2573 ι
2233 2534 2273 2573 ι

1251 2792 1721 2875 Fraqmentum
1754 2792 1865 2856 II.

794 2901 834 2940 2
1093 2907 1130 2950 ἕ
1390 2914 1428 2950 -κ-
1692 2902 1732 2941 1
1996 2900 2036 2939 ῢ
2292 2905 2331 2948 ἐκ

651 2987 912 3071 Jupiter
941 2995 1040 3049 est
1068 2985 1178 3049 illo
1205 2984 1359 3048 laeto
1388 2985 1593 3068 magis
1622 2985 1725 3048 hic
1753 2985 1997 3070 ubique
2029 2985 2221 3049 solus·

568 3073 819 3138 Vitavit
848 3073 1132 3136 flammas
1161 3071 1452 3219 prqprior
1474 3071 1639 3134 bene
1670 3071 1919 3135 lucidus
1950 3093 2079 3134 ore.

571 3160 712 3223 Nec
741 3181 936 3244 pecus
964 3158 1034 3220 in
1062 3157 1232 3220 foetu
1289 3156 1416 3220 alet
1445 3179 1605 3221 nova
1638 3158 1829 3221 turba
1852 3169 2137 3242 repente.

570 3245 831 3328 Mugiet
857 3242 1103 3306 stabilis
1133 3243 1264 3306 alto
1292 3241 1528 3306 valebit
1557 3243 1733 3306 obili.

573 3331 755 3395 Idem
786 3352 866 3392 ne
886 3328 1074 3392 tellus
1105 3329 1372 3391 nimium
1402 3328 1635 3394 siccata
1662 3339 1949 3412 repente.
2527 3327 2557 3372 5

573 3416 839 3480 Distuat
869 3424 1006 3478 sata
1033 3436 1180 3479 cum
1211 3414 1426 3498 tetigit
1454 3414 1591 3479 fera
1620 3436 1861 3478 cornua
1890 3413 2029 3478 tari.
2456 3433 2461 3438 ·

574 3501 711 3566 Dat
737 3500 986 3586 pluvias
1013 3500 1359 3584 sorbetque
1390 3500 1541 3564 data
1568 3522 1714 3563 cum
1743 3500 1953 3583 pliade
1983 3499 2172 3582 fugit.

574 3588 799 3672 Atque
829 3585 1261 3670 adidgeminos
1290 3607 1517 3649 cancro
1546 3585 2005 3669 placidissimus
2034 3585 2225 3648 idem.

577 3673 713 3738 Dat
743 3673 1018 3736 modicas
1047 3671 1210 3735 vires
1238 3671 1491 3754 rapidos
1522 3682 1588 3734 et
1620 3682 1937 3756 temperat
1963 3681 2147 3734 aestu.

577 3760 669 3824 Et
690 3759 792 3822 leo
823 3757 1122 3822 terribilis
1151 3757 1559 3840 subterpater
1586 3757 1724 3842 ipse
1754 3757 2033 3840 repellit.
2506 3755 2563 3801 ¹⁰

577 3844 892 3912 Instantis
920 3843 1174 3907 morbos
1198 3853 1265 3906 et
1293 3842 1442 3906 ditis
1471 3842 1693 3906 limina
1720 3841 1942 3906 cludit.

581 3930 824 4014 Incipit
852 3928 1139 4013 agricolis
1169 3929 1236 3991 in
1264 3928 1508 4012 virgine
1540 3930 1795 3992 sorbere
1824 3940 1992 3994 vota.

696 4027 772 4079 tu
1746 4036 1789 4076 n

585 4102 626 4165 J
629 4101 1042 4166 ammaiature
1074 4109 1324 4182 segetes
1355 4109 1421 4163 et
1452 4099 1683 4184 spicaea
1710 4100 1969 4184 pedent.

2970 2083 2985 2412 *-.—.—A
2980 2009 2982 2046 —-
2980 1987 2982 1996 -
