2992 4842
549 519 638 570 xlii
1154 515 1166 522 '
1479 531 1639 568 now

614 659 728 707 ³48.
757 655 892 706 Vatis
909 657 974 706 Δ.
1001 658 1286 722 ὀαηιρωωι
1309 657 1374 707 Ε.
1409 657 1673 708 damnatur
1695 657 1753 708 F.
1786 656 1963 721 (Ibis.)
1998 659 2063 706 ad
2084 657 2247 722 oram]
2271 659 2331 708 de
2354 674 2403 722 g.
2427 661 2559 724 conj.

549 722 626 773 sb.
659 723 720 770 ab
741 739 822 771 ore
843 722 1352 784 ABEGFPg.—0R..

616 789 728 836 349.
767 786 1018 850 Optatam]
1040 788 1226 836 scilicet
1249 787 1484 850 quamdiu
1521 788 1575 834 in
1608 789 1822 836 externis
1852 787 2135 850 regionibus
2157 794 2377 836 versatus
2404 795 2560 837 est.—

549 851 1088 965 SCH.T-Esserliqat]
1111 853 1170 901 de
1193 869 1242 915 g.
1269 852 1398 916 conj.
1426 853 1475 900 b.
1521 850 1737 915 Perleyit
1756 853 2090 915 ABEGFPg.
2123 851 2356 915 Praeliqat
2374 854 2557 903 Munc-

549 921 654 966 ker.
677 933 720 964 s.

621 983 736 1030 350.
775 983 990 1029 Coeuntia
1009 981 1156 1044 saxa]
1177 980 1228 1028 id
1242 988 1334 1040 est,
1351 981 1539 1030 insulas
1564 981 1930 1044 Symplegadas,
1950 981 2052 1030 sive
2072 981 2295 1044 Cyaneas
2312 983 2561 1045 proximas

557 1046 810 1109 Bosphoro
847 1047 899 1094 in
937 1047 1094 1094 Ponto
1135 1047 1349 1095 Euxino.
1421 1047 1511 1093 11ae
1532 1047 2019 1109 praeternsvigaturos
2052 1045 2328 1095 collidendo
2359 1050 2561 1111 perdere

557 1112 876 1159 credebantur
895 1111 1151 1159 veteribus.
1215 1110 1328 1159 Vid.
1350 1110 1410 1158 de
1431 1110 1609 1158 insulis
1628 1111 1763 1159 hisce
1798 1111 2044 1160 Cellarius
2067 1111 2149 1158 lib.
2179 1110 2252 1158 II.
2280 1113 2564 1175 Geograph.

560 1176 730 1238 Antiq.
771 1191 876 1239 cap.
923 1177 982 1224 15
1021 1182 1146 1224 extr.
1185 1190 1295 1238 pag.
1326 1177 1468 1228 1331.
1499 1177 1639 1224 1332.
1725 1175 1929 1224 Flaccus
1970 1180 2151 1236 Argon.
2185 1175 2271 1224 lib.
2314 1177 2354 1224 Ι.
2396 1193 2439 1224 v.
2482 1180 2563 1226 58.

567 1240 761 1289 Talibus
795 1239 1014 1288 hortatur
1031 1242 1272 1304 juvenem,
1305 1243 1618 1304 propriorque
1642 1240 1835 1304 jubenti
1876 1242 2126 1296 Conticuit,
2164 1248 2316 1288 certus
2340 1241 2565 1304 Scythico

557 1321 830 1353 concurrere
845 1311 993 1366 ponto
1019 1307 1244 1368 Cyaneas.
1297 1305 1440 1352 Idem
1462 1305 1549 1354 lib.
1575 1304 1698 1353 VII.
1720 1307 1781 1354 41
1806 1309 1966 1353 cautes
1994 1305 2213 1367 Cyaneas
2234 1312 2394 1365 vocat,
2422 1306 2563 1354 Idem

560 1370 643 1418 lib.
669 1369 758 1416 IV.
783 1371 896 1418 561.
969 1370 1101 1418 Hinc
1137 1373 1228 1417 iter
1263 1371 1328 1418 ad
1359 1367 1509 1416 Pom·
1532 1375 1689 1432 caput,
1710 1377 2012 1432 errantesque
2029 1385 2119 1432 per
2140 1371 2294 1418 altum
2320 1371 2537 1432 Cyaneas
2552 1388 2570 1418 .·

547 1436 697 1494 fiaror
716 1435 791 1482 liis
811 1435 962 1483 medio
980 1449 1254 1482 concurrere
1269 1441 1437 1497 ponto.
1503 1435 1721 1481 Necdum
1743 1436 1869 1482 ullas
1889 1435 2048 1482 videre
2067 1437 2197 1480 rates
2213 1451 2230 1480 .·
2262 1451 2350 1482 sua
2368 1439 2563 1484 commi-

563 1515 654 1547 nus
667 1506 781 1546 actae
803 1498 936 1547 Saxa
957 1505 1195 1560 premunt,
1216 1504 1462 1562 cautesque
1478 1513 1605 1558 suas,
1628 1501 1704 1555 ᾧτ’.
1738 1499 1849 1547 add.
1870 1514 1915 1545 v.
1938 1499 2036 1546 640
2060 1513 2192 1559 seqq.
2216 1507 2267 1546 et
2288 1500 2370 1547 lib.
2392 1501 2433 1548 1.
2452 1501 2565 1550 630.

567 1563 825 1626 Euripides
850 1564 1072 1627 Iphigen.
1095 1565 1148 1612 in
1170 1564 1320 1612 Tzur.
1341 1579 1391 1612 v.
1417 1564 1508 1611 123
1530 1560 1714 1620 δισσὰς
1733 1561 2105 1628 συγχωρούσας
2120 1561 2313 1628 πέτρας
2332 1565 2564 1627 appellat.

571 1628 784 1676 Consule
829 1635 880 1676 et
919 1629 1188 1676 Pindarum
1231 1627 1377 1691 Pyth.
1418 1627 1494 1675 od.
1537 1627 1628 1676 IV.
1673 1644 1783 1692 ςρο.
1826 1629 1859 1676 l.
1884 1645 1973 1678 κω.
2020 1626 2426 1676 ιδ.-8ΟΗ.--
2442 1629 2563 1692 Sed]

566 1693 864 1741 ABEGFP.
899 1709 980 1740 seu
1002 1694 1062 1741 de
1082 1709 1130 1756 g.
1155 1693 1280 1755 conj.
1303 1693 1377 1741 sb.
1423 1692 1595 1753 (lbid.)
1642 1709 1746 1756 quoe
1767 1693 1925 1742 BEG.
1960 1697 2074 1756 quia
2096 1691 2337 1756 AFPgsb.
2384 1696 2567 1742 violata

554 1759 692 1820 fiayit
715 1758 774 1806 B.
828 1757 922 1805 Est
958 1766 1120 1805 tamen
1159 1759 1306 1805 etiam
1341 1756 1396 1804 in
1431 1763 1599 1804 nostra
1630 1757 1741 1806 lect.
1764 1759 1927 1806 nescio
1948 1774 2058 1820 quae
2080 1757 2428 1822 ἀκυρολογίαι
2464 1774 2567 1807 non

571 1823 704 1872 enim
737 1823 927 1885 proprie
961 1821 1057 1870 hcc
1083 1838 1202 1884 pars
1219 1825 1368 1870 micat
1387 1823 1440 1868 in
1459 1822 1587 1878 caelo,
1623 1838 1725 1885 quoe
1746 1824 1926 1870 violata
1948 1825 2074 1884 suit,
2098 1824 2185 1870 sed
2206 1839 2279 1880 ea,
2302 1839 2412 1886 quae
2434 1823 2567 1871 inco-

570 1887 719 1935 lumis
741 1887 936 2000 mangi-t.
972 1887 1280 1951 Quapropter
1299 1887 1395 1948 leg.
1414 1886 1669 1935 existimo:
1703 1886 1800 1935 Sed
1820 1904 1916 1951 qua
1924 1903 2045 1952 pars
2063 1889 2247 1936 violata
2252 1890 2363 1950 fuit
2378 1922 2390 1935 .
2412 1921 2427 1936 .
2445 1920 2457 1935 .
2474 1888 2566 1936 hac

563 1956 788 2001 micat.—

637 2019 751 2065 351.
784 2016 995 2064 Numine
1027 2013 1260 2077 Junonis]
1296 2015 1408 2064 Vel.
1443 2015 1651 2063 Flaccus
1690 2015 1775 2064 1V.
1813 2015 2000 2077 Argon.
2039 2032 2085 2065 v.
2118 2015 2234 2068 679.
2303 2016 2400 2064 Sed
2418 2032 2568 2079 neque

568 2084 808 2145 permissis
829 2082 942 2143 jam
959 2082 1170 2142 fundere
1187 2086 1340 2128 rector
1357 2079 1551 2128 habenis
1568 2080 1701 2139 Vela,
1726 2096 1809 2128 nec
1830 2085 1947 2128 eniti
1967 2085 2109 2130 remis
2124 2087 2269 2144 pote,·
2305 2097 2412 2128 cum
2427 2097 2569 2143 super

574 2148 746 2194 adsunt
785 2146 1009 2208 Cyaneoe:
1051 2148 1228 2208 premit
1267 2145 1435 2192 umbra
1476 2153 1643 2201 ratem,
1686 2146 1977 2208 scopulisque
2004 2148 2239 2206 seruntur
2285 2147 2571 2194 Commi-nus.

575 2211 655 2260 hic
675 2213 806 2258 June
822 2227 1114 2274 praecepsque
1131 2225 1188 2258 ea:
1207 2209 1372 2258 ethere
1399 2207 1569 2257 Pallas
1587 2209 1816 2258 Insile'unt
1826 2214 2015 2272 pariter
2032 2212 2245 2273 scopulos
2261 2227 2278 2259 .·
2308 2210 2434 2258 hunc
2452 2216 2574 2258 nata

574 2283 762 2332 coercet,
790 2278 934 2323 Hunc
953 2276 1125 2338 conjua-
1141 2275 1617 2337 Jovis.—cumsuyit
1639 2275 1813 2333 Iason]
1835 2290 1934 2323 non
1955 2291 1980 2323 e
2008 2276 2259 2336 Colchide,
2278 2276 2364 2322 sed
2382 2277 2436 2322 in
2450 2275 2569 2322 Col-

577 2340 770 2390 chidem
791 2355 904 2388 cum
926 2341 1138 2388 abiisset.
1206 2339 1326 2387 Vide
1349 2339 1482 2387 locos
1516 2355 1543 2387 e
1581 2340 1755 2388 Flacco
1776 2339 1947 2387 citatos
1970 2348 2020 2388 et
2042 2340 2263 2403 ejusdem
2287 2339 2379 2388 IV.
2401 2355 2446 2387 v.
2469 2339 2569 2392 707

581 2421 713 2467 seqq.
779 2405 966 2468 Fuqere
1000 2405 1080 2452 hic
1119 2409 1193 2452 est
1227 2403 1440 2451 celeriter
1467 2404 1680 2466 provehi.
1748 2404 1829 2451 Sic
1865 2404 2070 2453 Flaccus
2092 2407 2151 2453 de
2177 2406 2347 2453 eadem
2370 2406 2483 2452 navi
2516 2406 2573 2453 in

580 2470 867 2518 Colchidem
899 2469 1176 2532 profectura.
1208 2468 1292 2516 lib.
1315 2469 1389 2516 II.
1410 2469 1524 2526 430,
1563 2468 1771 2530 Spumea
1808 2469 2108 2532 subsequitur
2129 2470 2368 2532 fuyientis
2400 2474 2571 2518 semita

580 2536 717 2583 clavi.
786 2535 988 2582 Marcus
1011 2550 1116 2596 cap.
1138 2533 1201 2580 V.
1229 2535 1304 2594 14,
1327 2530 1492 2596 φὲυγω
1516 2534 1663 2581 etism
1682 2533 1844 2595 posuit
1863 2549 1949 2596 pro
1970 2535 2185 2582 celeriter
2201 2533 2331 2582 abeo.
2384 2533 2573 2597 Jason]

579 2599 780 2647 AEsonis
814 2600 960 2656 filius,
995 2615 1024 2646 a
1059 2598 1272 2646 Chirone
1304 2599 1538 2645 eruditus.
1604 2598 1771 2660 Hujus
1790 2600 2020 2646 virtutem
2046 2599 2207 2647 Pelias
2226 2615 2314 2647 rex
2335 2600 2521 2647 veritus
2542 2615 2570 2648 e

580 2664 814 2713 Colchide
835 2679 1040 2712 aureum
1059 2663 1217 2710 vellus
1234 2671 1450 2724 repetere
1466 2662 1630 2725 jussit,
1652 2678 1851 2724 sperans
1872 2679 1987 2710 eum
2010 2663 2139 2712 bello
2159 2672 2244 2712 aut
2263 2665 2573 2726 navigatione

579 2731 866 2793 periturum.
931 2728 1111 2775 Justin.
1133 2726 1306 2775 XLII.
1329 2743 1372 2776 c.
1396 2729 1442 2786 2,
1477 2743 1517 2775 s.
1543 2729 1601 2775 10
1622 2743 1753 2789 seqq.
1792 2735 1840 2774 et
1874 2729 2117 2791 copiosius
2153 2728 2391 2776 Pindarus
2425 2729 2572 2792 Pyth.

579 2796 658 2843 od.
683 2795 774 2842 IV.
798 2802 847 2843 et
869 2793 1018 2842 Nem.
1040 2793 1115 2840 od.
1140 2791 1244 2838 III.
1267 2793 1484 2853 itemque
1500 2791 1819 2854 Apollodorus
1840 2792 2072 2841 Biblioth.
2090 2793 2177 2841 lib.
2197 2794 2243 2840 1.
2258 2809 2361 2856 cap.
2381 2794 2426 2849 9,
2451 2795 2474 2852 ξ
2497 2794 2573 2850 16,

581 2861 658 2916 22,
683 2863 760 2916 23,
785 2861 863 2917 24,
886 2857 1238 2920 seqq.—SCH.
1370 2856 1588 2904 Numina
1626 2856 1685 2905 B.
1731 2857 1939 2904 Nomine
1963 2858 2017 2906 F.
2068 2857 2265 2906 Sumine
2289 2858 2344 2906 P.
2391 2857 2571 2920 (Ibid.)

579 2931 710 2972 tutus
732 2941 874 2988 quum
875 2923 1042 2985 suqit]
1064 2922 1226 2970 BEG.
1258 2922 1414 2984 (prob.
1441 2921 1510 2983 g.)
1529 2923 1598 2969 sb.
1631 2927 1757 2968 tutus
1777 2923 1989 2984 confuyit
2008 2921 2376 2984 AFPg.—OR.

648 2992 758 3037 352.
791 2988 910 3036 Haec
945 2991 1092 3036 micat
1132 2989 1186 3034 in
1221 2987 1334 3034 coelo
1369 2985 1545 3047 lacere]
1587 2985 1793 3034 Flaccus
1828 2989 2012 3048 Argon.
2054 2986 2143 3035 IV.
2178 2987 2290 3042 691,
2324 2987 2459 3034 Saxa
2492 2987 2577 3034 sed

577 3057 798 3102 extremis
818 3059 975 3100 tamen
993 3056 1258 3114 increpuere
1281 3048 1511 3112 corymbis
1526 3068 1541 3098 .-
1573 3049 1788 3114 Parsque
1822 3051 1997 3114 (nefas)
2022 3052 2395 3114 deprensajuqis
2410 3067 2426 3098 .·
2458 3065 2575 3098 nam

580 3125 746 3168 catera
767 3119 880 3167 coelo
898 3117 1109 3196 ‘Debita
1177 3116 1310 3164 Hine
1348 3115 1553 3164 Tatisno
1586 3125 1755 3163 contra
1792 3117 1939 3164 Gent.
1975 3131 2087 3178 pag.
2116 3118 2208 3164 149
2245 3116 2423 3163 dicitur
2456 3112 2572 3179 ἠμί·

579 3199 751 3298 ’2Εὲῗο
773 3181 1480 3309 ΐὲτζῖῃιέῗῖἕέὅῖἒῖἔέἑῖῗ
1489 3179 1666 3302 35:523?
1688 3180 2575 3308 {⁷2¹}{23231‘g‘13s2'23Y1‘12'2‘2'z‘5'35553

584 3317 737 3376 surgit
769 3328 953 3361 manus.
1021 3312 1167 3360 Forte
1205 3311 1499 3372 legendum:
1536 3311 1652 3357 Hoec
1680 3312 1833 3358 micat
1864 3313 1917 3358 in
1952 3311 2060 3358 caelo
2088 3311 2198 3368 late,
2231 3325 2329 3357 non
2348 3311 2575 3371 amplius,

578 3379 704 3426 altus
745 3377 854 3434 Qua
891 3379 1042 3439 surgit
1073 3377 1248 3424 malus.
1315 3376 1432 3424 Non
1468 3374 1679 3436 amplius
1711 3376 1875 3433 micat,
1903 3391 2048 3437 quam
2082 3390 2237 3436 usque
2272 3374 2333 3421 ad
2366 3375 2573 3424 malum.

581 3441 706 3506 παρ’
746 3441 910 3490 ἂυτὸν
947 3438 1066 3489 ἱςόν
1103 3445 1295 3488 AratuS.
1362 3439 1681 3488 Desideratur
1700 3447 1864 3487 autem
1886 3456 2045 3502 quam,
2069 3446 2127 3486 ut
2146 3440 2199 3488 in
2222 3439 2307 3486 illo
2331 3439 2570 3488 Liviana:

577 3507 700 3558 Plus
731 3509 1078 3570 quinquaqinta
1109 3506 1353 3553 hominum
1384 3505 1541 3552 millia
1574 3505 1857 3553 occider-um.
1924 3507 1990 3552 Et
2022 3504 2107 3552 illo
2146 3504 2439 3552 Terentiano
2474 3519 2574 3552 non

572 3575 686 3637 plus
721 3571 950 3620 triduum.
1032 3570 1193 3618 Lateri
1226 3584 1418 3632 quoque
1451 3568 1646 3616 tolerari
1681 3571 1849 3631 possit.
1916 3570 2043 3616 Sunt
2078 3569 2209 3616 enim
2250 3569 2401 3616 latera
2433 3570 2575 3616 navis

579 3636 633 3688 αὶ
657 3635 892 3699 πλευραὶ,
915 3643 972 3683 ut
993 3635 1107 3683 alibi
1145 3636 1210 3694 (v.
1233 3635 1348 3694 299)
1383 3633 1595 3680 Assultat
1616 3631 1754 3681 lateri
1772 3635 2003 3696 deprensa:
2024 3649 2191 3696 spuma
2213 3637 2401 3682 carinoe.
2468 3635 2575 3683 Gn.

579 3701 1092 3751 -SCH.——Lateri
1113 3714 1210 3747 non
1244 3699 1448 3762 amplior
1487 3698 1683 3757 auctus]
1708 3699 1789 3746 Sic
1820 3699 2022 3761 scripsi:
2060 3700 2093 3726 “
2117 3714 2217 3746 non
2236 3699 2365 3746 ultra
2384 3698 2573 3746 malum

575 3763 842 3834 procediu'
891 3767 1143 3814 later-inan
1163 3765 1367 3826 amplior
1388 3769 1520 3810 actus
1542 3763 1607 3811 A.
1656 3763 1796 3812 lateri
1833 3764 2065 3826 (spatium
2100 3761 2333 3825 vacuum)
2367 3764 2575 3822 amplior

579 3839 712 3882 actus
749 3832 806 3880 P.
855 3831 955 3892 (De
989 3829 1046 3878 F.
1082 3844 1180 3876 non
1218 3827 1442 3887 constat.)
1475 3829 1617 3876 lateri
1650 3843 1747 3875 non
1766 3830 1971 3891 amplius
1990 3832 2133 3875 aucta
2162 3827 2385 3890 BEng.
2423 3827 2489 3876 E.
2528 3843 2571 3878 ι.

573 3897 758 3948 excidit
770 3896 850 3944 hic
873 3895 1182 3943 verm—OB.

641 3965 751 4011 353.
790 3959 969 4022 Quam]
1005 3957 1326 4009 ABEGFPs.
1361 3973 1456 4021 qua
1478 3956 1656 4006 Morel.
1677 3957 1755 4019 gb.
1792 3955 1964 4020 (majus
1989 3957 2095 4006 ΒΕ.
2130 3971 2301 4005 manus
2324 3955 2413 4019 G.)
2448 3955 2569 4006 reed-

569 4026 972 4142 dergbgffflda
992 4087 1151 4152 clavo]
1176 4087 1285 4137 MS.
1309 4088 1494 4136 roscida
1518 4087 1647 4135 levo.
1693 4086 1853 4147 Forte,
1875 4086 2061 4135 roscida
2081 4087 2229 4146 clavo,
2255 4081 2571 4150 κεχαλασμέ.
