2992 4842
1020 607 1305 644 vanui-10
1331 606 1706 644 scnwanrzu.
2260 587 2357 640 xiii

356 735 678 800 Quaestionis
699 735 1022 792 eruditorum
1045 737 1111 790 de
1148 737 1479 802 GermanicO‚
1503 737 1548 790 si
1581 752 1762 805 aequos
1785 735 2007 820 reperiat
2027 735 2178 801 viros,
2199 733 2356 787 facile

358 807 481 862 finis
502 809 723 862 inveniri
814 825 893 861 sse
916 807 1137 861 videtur.
1191 807 1533 861 Auctoritatis
1549 808 1690 860 enim
1708 807 1789 859 vis
1802 806 1892 859 hic
1915 805 2068 859 nulla
2081 813 2175 858 est.
2230 803 2357 856 Non

358 897 487 932 curo
524 879 692 948 igitur
778 879 995 932 izelium
1026 879 1083 931 in
1123 877 1659 931 animadversionibus
1696 877 1766 929 ad
1805 876 2038 929 Minucii
2074 874 2358 929 Octavium

470 990 479 1000 .
508 952 626 1015 180,
647 965 820 1018 neque
841 949 985 1002 alios.
1060 948 1164 1001 Sed
1197 947 1483 1001 Nicolaum
1525 947 1811 1001 Heinsium
1835 963 2002 1016 operm
2062 946 2256 999 retium
2279 951 2359 998 est

356 967 561 1085 ffire'
584 1019 757 1088 quiin
795 1020 930 1072 notis
952 1018 1022 1072 ad
1057 1018 1254 1072 Valerii
1290 1017 1468 1071 Flacci
1487 1018 1579 1070 lib.
1605 1017 1636 1070 I
1659 1034 1779 1088 pag.
1809 1020 1926 1082 165,
1947 1033 1981 1069 a
2067 1023 2176 1069 etro
2219 1015 2358 1068 Bur-

360 1105 557 1142 manno
580 1089 642 1142 C.
666 1089 731 1141 V.
755 1088 907 1142 editis
929 1091 1005 1142 ita
1024 1089 1231 1142 scribit':
1271 1088 1626 1141 “Avunculus
1666 1095 1816 1140 meus
1837 1086 1874 1139 J
1875 1103 1923 1139 o.
1961 1085 2281 1156 Rutgersius
2301 1086 2361 1137 in

358 1160 535 1212 Variis
572 1159 907 1212 Lectionibus
944 1176 1253 1228 persuasum
1291 1158 1533 1225 habebat,
1557 1165 1620 1210 ut
1639 1156 1870 1210 crederet
1904 1157 2097 1210 Aratea
2135 1156 2360 1210 Caesaris

360 1229 683 1295 Germanici,
706 1246 825 1298 quae
848 1229 1007 1283 etiam
1024 1246 1155 1282 num
1170 1236 1370 1294 extant,
1395 1227 1687 1281 Domitiani
1708 1227 2212 1281 Germanici'foetum
2235 1243 2362 1291 esse,

360 1318 470 1353 non
490 1300 638 1353 illius
675 1299 977 1352 Germanici
1013 1300 1191 1353 Druso
1229 1306 1443 1369 parente
1482 1299 1612 1364 nati,
1650 1299 1740 1352 cui
1760 1297 1922 1352 fastos
1944 1315 2067 1351 suos
2103 1295 2365 1350 dedicavit

362 1370 527 1423 Naso.
602 1369 676 1423 Et
697 1386 822 1422 sane
845 1369 1081 1422 recordor
1102 1368 1291 1422 vidisse
1312 1385 1398 1421 me
1416 1368 1642 1423 Lutetiae
1731 1375 2026 1423 rvetustum
2047 1369 2360 1421 Arateorum

362 1439 616 1506 codicem,
638 1441 732 1508 qui
768 1440 1071 1494 Domitiano
1106 1440 1301 1493 Caesari
1330 1439 1522 1508 poema
1542 1439 1642 1492 inu
1699 1437 2000 1492 adserebatt
2039 1445 2102 1492 ut
2121 1438 2230 1490 veri
2251 1453 2362 1489 om-

362 1513 493 1564 nino
516 1511 683 1564 simile
705 1511 789 1576 sit,
810 1526 903 1579 pro
939 1509 1244 1563 Domitiano
1281 1509 1660 1562 Germanicum
1682 1510 1748 1562 ob
1771 1508 2024 1561 invidiam
2059 1507 2285 1565 nominis
2305 1508 2361 1559 in

310 1619 319 1636 .
364 1581 630 1652 plerisque
665 1579 1050 1650 exemplaribus
1084 1597 1193 1633 esse
1229 1579 1528 1650 repositum.
1600 1578 1743 1632 Nam
1768 1587 1822 1632 et
1855 1579 2194 1632 Domitianus
2231 1576 2362 1630 Ger-

364 1651 563 1704 manici
583 1658 989 1720 cognomentum
1013 1650 1112 1702 sibi
1146 1649 1447 1703 vindicabat
1467 1650 1756 1714 ambitiose,
1779 1656 1842 1702 ut
1863 1665 1930 1702 ex
1947 1649 2218 1713 historiciS,
2240 1664 2362 1717 poe-

366 1723 453 1788 tis,
476 1738 539 1774 ac
561 1721 739 1772 numis
760 1720 993 1791 antiquis
1013 1719 1217 1788 liquido
1238 1728 1467 1790 apparet.
1477 1721 1509 1747 ’'
1564 1719 1669 1772 Sed
1688 1719 1942 1772 librorum
1978 1726 2214 1772 veterum
2235 1719 2365 1771 titu-

365 1792 435 1845 lis
458 1798 721 1860 quantum
737 1791 990 1843 momenti
1005 1791 1146 1856 insit,
1164 1791 1289 1843 satis
1304 1791 1439 1844 inter
1452 1790 1685 1843 eruditos
1703 1796 1920 1843 constat.
1994 1787 2206 1841 Invidia
2226 1795 2366 1841 recte

367 1867 807 1916 commemoratur
840 1881 853 1914 z
892 1877 1073 1913 verum
1108 1877 1171 1914 ea
1205 1877 1301 1914 nec
1336 1861 1560 1914 rationes
1596 1861 1857 1930 graviores
1891 1859 2091 1925 evertit,
2127 1866 2181 1912 et
2214 1857 2364 1911 nobis

369 1933 530 1986 etiam
551 1929 703 1984 favet.
744 1931 800 1984 Si
822 1931 963 1984 enim
986 1931 1325 1984 Domitianus
1347 1937 1532 1983 auctor
1542 1930 1730 1983 fuisset
1749 1930 1995 1982 carminis
2015 1929 2209 1998 hujus:
2246 1935 2365 1982 tum

370 2001 681 2056 lactantius
714 2008 811 2054 aut
830 2003 947 2071 ejus
979 2001 1311 2070 vituperandi
1330 2018 1436 2053 non
1472 1999 1882 2070 praetermisisset
1911 1999 2234 2066 facultatem,
2271 2005 2370 2052 aut

370 2089 497 2126 eum
531 2071 736 2126 silentio
771 2072 1111 2141 praeteriisset.
1184 2070 1260 2124 Et
1291 2073 1432 2123 enim
1456 2073 1500 2124 si
1523 2071 1588 2124 de
1623 2072 1800 2125 Diana
1834 2071 1902 2123 ab
1938 2069 2133 2122 Orione
2167 2075 2368 2123 tentata

371 2153 483 2198 tam
504 2141 796 2195 verecunde
818 2143 1104 2210 scripsisset
1124 2141 1479 2207 DomitianuS,
1501 2142 1887 2212 impurissimus
1907 2140 2064 2193 homo
2087 2147 2140 2194 et
2159 2140 2369 2193 adulter

372 2212 799 2266 scelestissimus:
836 2229 943 2264 non
956 2219 1035 2264 est
1052 2211 1492 2277 addubitandum‚
1517 2213 1647 2280 quin
1662 2211 1888 2264 hominis
1910 2211 2176 2264 simulatio
2198 2226 2368 2281 repre-

372 2283 537 2336 hensa
552 2291 700 2336 esset.
773 2281 897 2335 Non
916 2282 1159 2335 convenit
1174 2283 1229 2334 in
1245 2281 1628 2352 Vespasianum
1649 2281 1964 2352 horoscopus
1985 2281 2366 2350 Capricornus:

374 2370 549 2422 neque
569 2353 739 2422 mag-'is
760 2352 829 2405 ad
850 2352 1232 2421 Vespasianum
1254 2369 1417 2420 quam
1438 2352 1509 2404 ad
1547 2352 1854 2422 Augustum
1875 2352 2100 2421 pertinet
2120 2350 2370 2404 allocutio

375 2424 743 2477 Phaenomenis
778 2424 981 2475 Arateis
1019 2425 1300 2492 praemissa.
1373 2422 1631 2477 Praeterea
1666 2438 1875 2476 carmen
1909 2421 2009 2474 hoc
2042 2421 2371 2474 limatissima

376 2492 750 2562 reconditaque
784 2492 1017 2546 doctrina
1037 2493 1255 2562 plenum
1277 2500 1370 2546 est.
1443 2492 1603 2555 Quod
1627 2493 1841 2562 quidem
1864 2491 2026 2545 decus
2046 2491 2103 2543 in
2144 2490 2370 2544 Domiti-

375 2580 479 2616 ano
502 2580 570 2616 ne
610 2563 862 2632 suspicari
902 2562 1117 2631 quidem
1137 2563 1274 2616 licet.
1299 2580 1441 2628 nam,
1476 2571 1541 2616 ut
1579 2563 1865 2616 Suetonius
1885 2563 1943 2615 in
1965 2562 2082 2615 e'us
2109 2563 2228 2614 'vita
2249 2579 2294 2614 c.
2317 2565 2368 2613 2.

374 2641 616 2700 testatur,
652 2634 768 2702 jam
790 2632 1096 2694 ‚admodum
1140 2632 1439 2687 adolescens
1483 2640 1694 2687 tantum
1737 2633 1974 2702 aliquam
2014 2634 2068 2684 'u
2107 2630 2372 2684 simulavit

370 2705 583 2775 poetic-ce
602 2703 833 2756 studium
858 2713 962 2755 tam
984 2704 1241 2756 insuetum
1260 2713 1409 2756 antea
1429 2703 1551 2770 sibi,
1584 2721 1740 2773 quam
1768 2712 1992 2774 spretum
2018 2711 2192 2772 postea
2213 2712 2262 2755 et
2281 2701 2370 2754 ab·

366 2775 582 2845 jectum.
656 2773 1005 2827 Selectissima
1044 2775 1216 2840 verba,
1250 2774 1375 2826 ordo
1415 2791 1590 2828 rerum
1612 2781 1667 2827 et
1700 2791 1947 2826 versuum
1985 2772 2168 2825 melior
2208 2789 2371 2842 quam

378 2845 471 2898 ille
494 2845 658 2910 Arati,
694 2844 881 2897 notitia
902 2843 1021 2896 coeli
1056 2845 1361 2910 accuratior,
1384 2861 1453 2897 an
1472 2846 1540 2897 ab
1575 2843 1784 2896 homine
1819 2843 2170 2896 adolescentia
2201 2843 2372 2912 prima

379 2914 599 2967 infami*
634 2914 897 2983 expectari
934 2914 1216 2982 potuerint,
1239 2931 1319 2966 res
1338 2915 1453 2984 ipsa
1488 2915 1697 2967 clamat.
1770 2912 2028 2975 Quamvis
2061 2920 2240 2967 autem
2262 2913 2372 2982 ipse

382 2985 722 3038 Domitianus
745 2983 1045 3036 Germanici
1068 3000 1259 3038 nomen
1274 2983 1534 3038 affectarit
1550 3005 1562 3037 t
1587 2993 1762 3037 tamen
1776 2984 1875 3036 hoc
1892 2983 1960 3036 ad
1974 2984 2373 3036 controversiam

382 3055 515 3108 nihil
560 3055 763 3108 attinet.
835 3052 986 3106 Illud
1026 3055 1167 3107 enim
1215 3055 1484 3123 quaeritur,
1524 3072 1592 3107 an
1631 3055 1793 3123 vulgo
1829 3062 1883 3107 et
1921 3055 2268 3107 communiter
2305 3055 2372 3106 ab

382 3125 627 3178 omnibus
661 3124 901 3176 omnium
936 3124 1248 3177 saeculorum
1288 3124 1588 3178 hominibus
1625 3124 1791 3177 doctis
1826 3124 2131 3178 Germanici
2161 3125 2374 3177 nomine

381 3195 667 3263 insignitus
690 3195 759 3247 sit
796 3194 1151 3259 DomitianuS‚
1174 3202 1238 3248 ut
1276 3194 1584 3248 Lactantius
1607 3211 1712 3246 non
1748 3195 1914 3248 alium
1939 3201 2169 3264 spectare
2191 3202 2374 3264 potue-

386 3267 506 3333 rit,†
528 3281 697 3333 quum
721 3263 1023 3317 Germanici
1044 3281 1223 3317 versus
1246 3266 1443 3318 citaret.
1478 3266 1698 3318 Certum
1720 3273 1799 3318 est
1819 3267 1960 3318 enim
1982 3272 2102 3334 post
2127 3264 2375 3318 Tacitum

382 3336 467 3388 vel
489 3352 558 3388 ex
578 3351 688 3388 uno
725 3335 992 3400 Suetonio,
1028 3333 1329 3387 Germanici
1351 3351 1542 3387 nomen
1565 3335 1635 3388 ad
1657 3337 1822 3405 ipsius
1856 3351 2026 3404 usque
2047 3341 2256 3405 tempus
2279 3334 2375 3388 soli

385 3406 550 3459 Drusi
576 3404 685 3457 filio
703 3405 954 3474 insignite
976 3403 1139 3457 fuisse
1170 3406 1445 3458 tributum.
1518 3405 1604 3458 Ne
1642 3423 1709 3458 ue
1738 3407 1895 3472 enim,
1920 3404 2062 3474 quod
2098 3407 2377 3474 Augustus

454 3485 529 3528 ter
564 3481 795 3540 vocatur,
831 3475 1120 3543 quicquam
1154 3491 1327 3528 causae
1368 3475 1546 3528 officit.
1670 3483 1694 3528 t
1715 3476 1857 3528 enim
1891 3483 2001 3528 tam
2037 3475 2144 3528 late
2184 3491 2374 3528 nomen

376 3494 483 3598 fige
506 3544 652 3613 apud
672 3552 850 3614 poetas
871 3552 1029 3614 patet,
1052 3551 1116 3597 ut
1136 3561 1258 3596 avos
1293 3544 1712 3614 haudquaquam
1745 3545 2009 3599 excludat.
2083 3544 2215 3598 Erat
2234 3545 2376 3598 enim

454 3615 549 3668 tris
583 3631 772 3667 nomen
810 3615 1091 3684 saepissime
1125 3614 1350 3680 honoris,
1372 3631 1477 3668 non
1514 3623 1732 3668 naturae.
1804 3615 1964 3678 Quod
1996 3617 2377 3684 antiquitatum

475 3702 752 3738 manarum
854 3686 965 3736 ritis
999 3686 1383 3754 apertissimum
1408 3692 1502 3738 est.
1572 3686 1730 3737 Astra
1752 3685 1966 3754 quidem
1987 3695 2233 3752 materna,
2255 3701 2376 3754 quae

388 3755 738 3809 Germanicus
815 3755 957 3807 'cubi
986 3763 1257 3822 memorat,
1280 3755 1536 3809 dirimunt
1558 3757 1958 3808 controversiam
1980 3773 2203 3808 omnem.
2274 3755 2310 3807 J
2316 3773 2376 3808 u-

384 3827 523 3880 lium
558 3826 821 3878 Caesarem
843 3827 985 3877 enim
1007 3833 1061 3878 et
1096 3823 1450 3878 Octavianum
1484 3828 1552 3878 ab
1575 3843 1635 3878 eo
1657 3825 1966 3896 adoptatum
1990 3827 2085 3879 rite
2109 3832 2375 3894 spectant:

388 3895 459 3949 ad
493 3896 892 3965 Vespasianum,
930 3897 1030 3948 nisi
1053 3897 1103 3948 vi
1144 3895 1391 3964 quadam,
1415 3897 1646 3965 torqueri
1686 3912 1791 3948 non
1832 3904 2065 3966 possunt.
2140 3894 2244 3948 Sed
2265 3895 2377 3948 haec

388 3967 495 4020 fere
519 3965 736 4018 Barthio
758 3965 1030 4032 debentur,
1053 3983 1211 4036 quem
1235 3967 1466 4020 veritatis
1494 3966 1731 4032 studiosi,
1752 3983 1858 4019 non
1882 3965 2082 4031 dubito,
2107 3965 2238 4034 quin
2261 3965 2380 4018 dili-

389 4043 573 4106 genter
595 4036 889 4105 inspiciant.

438 4155 463 4180 *
481 4155 573 4195 vm.
598 4156 766 4195 sueton.
779 4154 825 4194 in
840 4155 929 4204 qius
947 4155 1017 4194 vit.
1036 4163 1073 4194 c.
1092 4165 1123 4194 1.
1216 4156 1241 4194 4
1261 4157 1364 4196 Haec
1380 4157 1483 4196 ratio
1498 4160 1558 4196 est
1575 4156 1734 4196 sarthii
1755 4157 1919 4196 Advers.
1936 4156 2007 4195 lib.
2026 4157 2081 4195 x.
2108 4156 2218 4203 c.21‚
2235 4133 2274 4205 ρ’.
2287 4157 2374 4194 498.
