2992 4842
1080 571 1149 604 An
1174 567 1530 604 PHAENOMENA
1557 568 1788 603 ARATEA.
2373 555 2437 601 vii

438 710 541 758 quoe
574 696 720 744 refert
750 693 1033 758 dexter-ique.
1102 697 1268 744 Habes
1291 697 1622 744 variationem.
1697 693 1802 757 Ego
1826 695 2088 757 legendum
2110 701 2258 756 put03
2299 691 2349 738 T
2346 708 2438 738 em-

434 777 530 822 pus
567 763 804 809 dexterius
843 776 937 823 qua
972 763 1131 822 siqnat
1164 763 1303 810 stella
1328 763 1579 818 Draconis,
1622 759 1820 823 Quaque
1856 761 1981 807 sedet
2017 764 2240 816 mentum,
2280 759 2440 804 luxere

438 829 697 873 novissima
718 827 893 873 caudae.
962 825 1244 874 Extremum
1277 841 1369 887 qua
1400 827 1587 873 Helices
1609 825 1737 872 sidus
1757 828 1918 883 micat,
1951 824 2042 871 hac
2073 824 2296 870 radiatur
2328 823 2438 869 Ser-

435 893 593 951 pentis
614 891 791 936 declive
810 897 967 952 caput,
1003 906 1098 952 qua
1122 892 1349 953 proxima
1372 893 1524 953 siyna,
1547 895 1624 947 dyc.
1695 890 1902 944 Aratus;
1939 887 2107 942 Λοξόν
2131 885 2257 935 &ts-a
2291 885 2437 950 κάρη,

443 953 649 1001 νὲυοντι
672 951 724 1000 δὲ
748 953 978 1019 πάμπαν
1000 953 1163 1001 ἔοικεν
1190 953 1390 1018 Ἀκρην
1426 953 1498 1011 εἰς
1532 953 1705 1011 έλίκης
1741 952 1920 1017 οὐρὴν.
2027 951 2132 1000 ἀλα
2172 949 2299 1000 δ’ἔςι
2327 954 2436 998 κατ’

444 1017 525 1066 ἰθὺ
552 1019 654 1067 Καὶ
676 1018 831 1083 ςόμα,
854 1019 939 1068 καὶ
963 1018 1231 1084 κροτάφοιο
1256 1018 1322 1066 τὰ
1343 1016 1479 1072 δεξιὰ
1503 1017 1689 1100 νειάτιρ
1710 1018 1853 1083 οὐρῇ.
1905 1022 2066 1076 Κεινη
2102 1032 2206 1064 που
2245 1016 2436 1080 κεφαλὴ

444 1085 512 1148 τῇ
533 1082 769 1146 νήχεται,
809 1081 899 1148 ἧχί
924 1100 1020 1148 περ
1043 1085 1194 1149 ἄκραι
1216 1083 1512 1147 Μίσγονται
1535 1081 1702 1141 δύσιες
1725 1100 1778 1131 τε
1803 1083 1888 1131 καὶ
1911 1081 2133 1131 ἀντόλαι
2166 1080 2437 1144 ἀλλήλῃσι.

447 1149 635 1200 Quarto
658 1165 800 1196 versu
822 1151 949 1197 male
972 1148 1167 1210 vulgata
1204 1165 1302 1212 quae
1323 1151 1495 1197 habet:
1532 1149 1659 1196 male
1682 1149 1792 1196 MS.
1816 1154 1974 1210 utque,
2008 1149 2137 1210 quod
2170 1147 2230 1194 ob
2261 1149 2438 1208 repeti—

444 1215 627 1261 tionem
649 1215 1021 1276 praecedentium
1045 1213 1295 1261 literarum
1315 1215 1504 1262 accidit.
1563 1214 1672 1275 Ego
1693 1229 1790 1277 qua
1811 1214 2015 1271 restitui,
2040 1211 2131 1276 ἦχί
2149 1227 2244 1277 περ
2269 1212 2439 1259 Arato.

447 1278 542 1325 Est
578 1279 711 1325 euim
750 1279 901 1327 altera
940 1279 1113 1340 capitis
1152 1279 1420 1340 designatio
1444 1295 1502 1326 ex
1527 1279 1704 1326 arctico
1727 1277 1924 1327 circulo.
1993 1279 2088 1326 Sed
2121 1295 2219 1326 non
2253 1277 2443 1324 videtur

446 1344 587 1390 Arati
610 1350 824 1403 mentem
844 1351 972 1392 recte
995 1342 1207 1405 cepisse:
1244 1344 1338 1390 nisi
1372 1344 1592 1391 dicamus
1629 1343 1780 1390 Ursas
1813 1358 1899 1405 pro
1933 1344 2111 1391 arctico
2145 1341 2326 1392 circulo
2360 1341 2440 1388 de-

447 1409 610 1465 scribi,
641 1415 690 1454 et
716 1409 829 1456 inde
847 1409 1069 1471 proxima
1093 1408 1232 1470 signa
1252 1423 1451 1456 occasus
1481 1415 1712 1470 ortusque
1733 1409 1843 1465 dici,
1867 1408 2276 1470 quemadmodum
2298 1406 2442 1453 multi

444 1473 575 1534 apud
598 1472 889 1531 Homerum,
926 1474 1011 1536 qui
1036 1472 1162 1520 solas
1184 1481 1339 1520 arctos
1358 1473 1606 1521 immunes
1643 1473 1713 1520 ait
1753 1474 1955 1531 Oceani,
1985 1472 2222 1520 circulum
2256 1470 2438 1519 intelli-

446 1544 595 1598 gunt:
634 1553 751 1584 nam
782 1553 1086 1599 quaecunque
1108 1537 1160 1584 in
1182 1539 1358 1585 arctico
1384 1545 1498 1585 sunt
1519 1538 1718 1594 circulo,
1753 1553 2007 1599 nunquam
2043 1538 2282 1585 occidunt.
2350 1536 2444 1584 Est

448 1602 580 1649 enim
597 1599 817 1665 μέγιςον
840 1606 946 1650 τῶν
966 1601 1243 1664 αέιφανῶν,
1267 1609 1322 1650 ut
1343 1604 1404 1650 ad
1426 1606 1630 1650 Aratum
1651 1602 1921 1650 docuimus.
1990 1603 2188 1650 Interea
2208 1617 2306 1649 non
2334 1615 2441 1662 pos-

446 1681 557 1713 sum
576 1667 830 1724 abstinere,
848 1669 966 1730 quin
982 1667 1187 1715 Isiodori
1206 1668 1369 1714 locum
1386 1669 1443 1714 de
1465 1668 1558 1715 hoc
1577 1666 1773 1726 circulo,
1790 1668 1849 1714 ab
1863 1667 2077 1714 hocloco
2096 1682 2193 1714 non
2211 1667 2442 1722 alienum,

446 1733 625 1778 mendo
669 1747 888 1794 purgem.
958 1733 1049 1780 Est
1089 1732 1133 1795 is
1164 1733 1303 1780 locus
1338 1732 1480 1780 titulo
1521 1733 1580 1779 de
1608 1733 1791 1780 mundo
1825 1732 1980 1794 capite
2003 1739 2154 1789 sexto,
2189 1739 2369 1780 temere
2390 1731 2443 1777 in

447 1797 805 1844 mathematicis
840 1797 997 1860 capite
1025 1799 1089 1844 43
1121 1797 1372 1860 repetitus.
1441 1797 1656 1854 Quorum
1669 1799 1855 1859 primus
1881 1797 2098 1844 Cir-culus
2117 1799 2220 1844 ideo
2241 1797 2444 1844 arcticus

445 1863 731 1923 appellatur,
772 1864 895 1923 quod
926 1864 1051 1910 inter
1081 1877 1187 1910 eum
1221 1866 1402 1910 arcturi
1434 1866 1572 1924 siqua
1603 1863 1788 1909 inclusa
1814 1865 2184 1923 prospiciuntur.
2254 1862 2444 1922 Legen-

448 1925 566 1972 dum
591 1934 665 1974 est
684 1933 921 1974 arctorum
939 1929 1090 1988 siqna.
1162 1927 1403 1974 Geminus
1435 1926 1574 1974 locus
1595 1926 1678 1973 ille
1714 1926 1972 1973 Martiani:
2018 1930 2100 1988 qui
2133 1929 2441 1988 septentrion-

444 1991 541 2037 alis
576 1993 781 2038 circulus
809 1991 1097 2052 perhibetur,
1138 2007 1195 2040 ea·
1230 2008 1297 2049 eo,
1336 1991 1461 2054 quod
1501 2007 1606 2038 cum
1641 1994 1814 2039 ceteris
1849 2006 1946 2053 quae
1972 1997 2264 2053 promentur,
2299 1993 2444 2037 etiam

444 2057 635 2116 yemina
656 2055 815 2102 sidera
835 2059 1161 2118 septentrionis
1181 2057 1409 2103 includat.
1492 2057 1663 2103 GRor.
1730 2055 1840 2116 Ego
1879 2065 2074 2117 propter
2107 2055 2242 2103 Arati
2276 2070 2444 2102 versus

449 2119 651 2167 discessi
672 2137 699 2168 a
722 2121 1029 2168 distinctione
1054 2121 1231 2179 Grotii,
1266 2130 1315 2167 et
1334 2121 1640 2183 conjecturis,
1707 2121 1891 2166 Similis
1912 2121 2203 2167 constructio
2227 2120 2446 2167 videatur

448 2201 493 2231 v.
522 2186 630 2241 148,
654 2185 1368 2233 149.—-SCH.-—De.2·terius
1390 2184 1514 2248 quae]
1541 2185 1674 2246 APg.
1699 2185 1981 2247 dea-teriusq’
2005 2186 2066 2232 E.
2087 2186 2367 2248 dexterique’
2387 2186 2441 2230 B.

448 2265 683 2312 superscr.
706 2265 779 2297 us.
814 2251 1080 2312 dexterique
1104 2251 1168 2297 G.
1203 2251 1439 2298 dexterius
1462 2265 1556 2312 qua
1578 2250 1636 2296 de
1658 2265 1704 2310 g.
1729 2251 1852 2312 conj.
1890 2251 1960 2296 sb.
2020 2250 2270 2297 Sententia
2306 2250 2440 2296 haec:

453 2313 641 2361 Praeter
662 2323 844 2364 ceteras
866 2314 1129 2376 splendidas
1152 2323 1266 2362 sunt
1286 2315 1442 2362 stellae
1460 2324 1558 2361 tres
1576 2333 1588 2370 ς
1625 2329 1696 2368 ea,
1731 2329 1838 2376 quin
1857 2315 1993 2361 sedet
2009 2323 2174 2362 mento
2192 2333 2202 2369 ;
2239 2330 2310 2370 ea,
2333 2329 2444 2375 quae

449 2378 611 2490 {gili-at
627 2386 820 2490 temtpus
834 2379 1079 2491 degtfirius
1101 2376 1359 2440 Draconis,
1382 2386 1431 2427 et
1442 2379 1597 2426 cauda
1611 2378 1890 2439 novissima,
1915 2380 1994 2426 ubi
2011 2380 2159 2427 micat
2171 2386 2444 2427 extremum

507 2459 532 2489 e
554 2459 653 2490 ices
674 2459 713 2490 s1
749 2459 889 2492 uS.—
994 2479 1003 2491 .

518 2509 594 2555 59.
636 2507 863 2570 Quoeque]
901 2507 1291 2571 ABE(G.)FPg.
1348 2523 1535 2570 quaque
1571 2507 1630 2554 de
1665 2523 1712 2569 g.
1752 2509 1880 2571 conj.
1923 2509 2000 2556 sb..
2041 2507 2212 2571 (Ibid.)
2261 2505 2440 2568 mento]

452 2574 587 2619 ABE
614 2573 871 2636 G.)Fl‘gb.
909 2580 1117 2620 mentum
1150 2575 1207 2620 de
1240 2589 1287 2636 g.
1312 2574 1437 2634 conj.
1460 2589 1502 2621 s-
1535 2573 1704 2634 (Ibid.)
1737 2574 1860 2621 lucet
1879 2577 2132 2621 novissima
2156 2573 2250 2622 Pb.
2278 2581 2446 2621 contra

452 2645 667 2684 metrum
687 2645 735 2685 et
756 2638 881 2685 Cdd.
901 2638 1231 2685 meos.——OR.

518 2703 597 2750 60.
637 2701 916 2752 Extremum
939 2700 1058 2765 qua]
1081 2703 1139 2750 de
1158 2717 1204 2764 g.
1232 2703 1358 2764 conj.
1381 2702 1427 2749 b.
1462 2708 1808 2765 extremumque
1831 2701 1922 2749 AB
1935 2701 2242 2765 E(GF.)1‘gs.
2277 2701 2445 2762 (Ibid.)

451 2766 642 2884 (geticis
664 2770 719 2815 A.
759 2767 929 2878 ΗεῑίΙσῖιῖο
947 2767 1002 2814 F.
1050 2767 1222 2828 (Ibid.)
1270 2767 1359 2814 hac
1378 2765 1626 2828 radiatur]
1660 2767 1719 2814 de
1753 2783 1801 2829 g.
1824 2768 1951 2829 conj.
1979 2783 2018 2814 s.
2056 2783 2114 2814 ac
2132 2767 2244 2816 rad.
2280 2766 2442 2814 ABE-

520 2832 601 2943 6)Ι.
636 2847 831 2944 Dgeclive
866 2895 1103 2958 (F)Pgsb.
1145 2896 1321 2943 decline
1345 2895 1554 2944 ABEG.
1589 2894 1758 2957 (Ibid.)
1781 2896 1898 2958 qua]
1921 2896 1981 2944 de
2005 2911 2050 2958 g.
2077 2897 2201 2958 conj.
2239 2898 2308 2943 sb.
2343 2910 2444 2958 quae

454 2960 801 3022 AE(G.)FPg.
832 2965 901 3008 sic
919 2977 996 3022 pr.
1034 2961 1092 3008 Β.
1128 2975 1367 3023 super-scr.
1399 2961 1698 3023 qum—011.

521 3025 601 3072 62.
644 3025 749 3073 Uno
771 3030 1033 3087 tanyuntur
1051 3025 1109 3073 ab
1134 3026 1237 3084 ore]
1263 3025 1465 3082 Dubito,
1490 3039 1555 3072 an
1578 3041 1676 3072 non
1700 3025 1806 3074 orbe
1827 3025 2104 3088 legendum.
2172 3025 2302 3073 Nam
2327 3025 2445 3086 quid

453 3089 547 3137 hoc
569 3097 658 3148 est,
680 3091 919 3152 serpentis
940 3105 993 3137 os
1012 3091 1079 3137 ibi
1103 3098 1191 3148 est,
1213 3091 1281 3137 ibi
1304 3105 1430 3137 ursae
1452 3090 1513 3137 ab
1537 3104 1616 3136 ore
1639 3096 1923 3152 tanguntur.
1990 3090 2167 3139 GRor.
2234 3094 2326 3138 Pro
2351 3105 2444 3137 uno

454 3154 625 3202 malim
646 3156 755 3202 udo.
824 3155 1075 3202 Sententia
1096 3160 1191 3202 est:
1231 3154 1359 3205 Quae
1379 3154 1600 3216 proxima
1623 3154 1850 3216 plaustris
1866 3155 2155 3216 draconique
2177 3156 2348 3212 sidera,
2367 3155 2445 3201 vel

457 3220 517 3265 ab
540 3227 649 3267 ortu
671 3219 747 3267 vel
770 3220 829 3266 ab
852 3235 1041 3276 occasu,
1064 3220 1201 3276 mari,
1226 3227 1282 3267 ut
1304 3226 1524 3266 veterum
1545 3219 1730 3266 ferebat
1751 3219 1928 3281 opinio,
1964 3229 2267 3281 merguntur.
2320 3222 2445 3266 Prae·

457 3283 584 3330 clare
620 3283 769 3345 igitur
806 3283 1016 3346 explicat
1052 3283 1192 3332 Arati
1229 3283 1866 3347 μίσγονται.--8ΟΗ.--
1886 3284 1990 3332 Udo
2025 3299 2062 3331 s.
2098 3285 2223 3346 conj.
2259 3284 2444 3332 Placet.

457 3353 709 3409 tenquntur
728 3352 780 3396 P.
816 3347 949 3410 orbe]
973 3349 1031 3396 de
1053 3364 1102 3409 g.
1123 3350 1249 3410 conj.
1286 3349 1357 3396 sb.
1394 3363 1471 3396 ore
1495 3348 1619 3395 cdd.
1657 3349 1758 3395 noti
1783 3355 1831 3396 et
1855 3349 2116 3412 Pg.-0R.

524 3413 602 3459 63.
638 3413 825 3460 Eadem
852 3414 999 3460 tradit
1018 3412 1068 3460 N
1071 3428 1228 3460 onnus
1250 3413 1459 3476 Dionys.
1480 3412 1643 3460 XXV.
1667 3428 1714 3461 v.
1729 3414 1841 3461 393.
1897 3414 2083 3472 Strabo,
2105 3413 2190 3462 lib.
2209 3414 2252 3462 I.
2267 3429 2314 3476 p.
2334 3415 2380 3472 6,
2397 3413 2446 3464 7.

459 3476 602 3523 Ovid.
648 3480 847 3525 Metam.
885 3477 960 3525 11.
1006 3479 1097 3525 508
1138 3493 1287 3540 seqq„
1326 3478 1424 3526 alii.
1515 3478 1616 3525 Res
1658 3479 2348 3530 nota.-SCH.—Timidis
2389 3479 2444 3526 F.

459 3541 635 3600 (Ibid.)
648 3539 843 3598 Arctoe]
866 3541 1197 3605 ABE(G.)gs.
1234 3544 1399 3604 (Arete
1422 3541 1502 3602 F.)
1534 3542 1671 3591 Arcti
1694 3543 1960 3592 Pb.-0R.

526 3607 602 3652 64.
639 3607 699 3654 L.
742 3607 1015 3664 inocciduis,
1055 3603 1281 3664 ἀδύτοις.
1364 3608 1540 3654 Gno‘r.
1623 3607 1716 3654 Pro
1753 3615 1989 3656 servantes
2030 3609 2308 3672 ponendum
2353 3607 2447 3654 fuit

457 3676 647 3718 servant
666 3685 738 3719 ex.
760 3677 950 3718 servant
970 3679 1136 3719 autem
1157 3681 1231 3719 est
1251 3671 1512 3729 observant,
1531 3676 1788 3720 intuentur.
1861 3672 1973 3720 Nisi
2004 3689 2197 3721 versum
2231 3672 2446 3733 aliquem

460 3735 696 3782 omissum
718 3751 821 3782 esse
844 3735 1048 3793 dictites,
1072 3736 1193 3783 nihil
1217 3736 1351 3784 aliud
1370 3737 1466 3798 legi
1491 3737 1572 3784 hic
1595 3743 1765 3799 potest.
1821 3738 2118 3786 Discernunt
2138 3743 2300 3784 autem
2317 3751 2445 3796 saepe

458 3801 615 3860 poe'tae
637 3814 864 3861 personas
888 3807 936 3847 et
956 3815 1031 3847 res
1056 3817 1083 3847 a
1106 3800 1277 3859 stellis,
1314 3802 1489 3862 quibus
1519 3816 1740 3863 personae
1762 3809 1811 3848 et
1832 3818 1908 3850 res
1930 3803 2194 3864 signantur.
2264 3801 2446 3848 Statius

462 3863 697 3911 Thebaid.
718 3864 825 3912 III.
848 3866 959 3921 684,
969 3864 1079 3924 jam
1101 3871 1233 3912 nocto
1250 3881 1485 3928 suprema,
1507 3869 1626 3914 Ante
1642 3881 1785 3913 novos
1803 3873 1945 3922 ortus,
1969 3867 2052 3914 ubi
2071 3867 2188 3922 sola,
2203 3868 2448 3927 superstite

452 3929 686 3988 plaustro,
722 3928 889 3976 Arctos
924 3929 989 3975 ad
1021 3945 1242 3978 oceanum
1261 3931 1564 3992 fugientibus
1598 3931 1776 3978 invidet
1807 3934 1960 3978 astris.
2030 3932 2186 3990 Idem,
2211 3929 2449 3977 Thebaid.

398 4028 401 4030 v
460 3992 583 4041 VH.
606 3995 956 4042 8.-—oceano
978 3998 1173 4042 vetitum
1194 4011 1289 4057 qua
1310 3993 1570 4044 Parrhasis
1583 3997 1735 4057 iynern
1755 3995 1974 4042 Nubibus
1987 3995 2208 4054 hibernis,
2227 4001 2274 4042 et
2289 3999 2448 4042 nostro

457 4059 668 4118 pascitur
690 4057 845 4106 imbri.
880 4059 999 4106 adde
1034 4059 1131 4107 huc
1170 4059 1419 4122 Capellam
1453 4061 1512 4108 de
1548 4068 1684 4122 nupt.
1720 4061 1897 4108 Philol.
1927 4060 2032 4108 libr.
2061 4061 2133 4108 II.
2166 4076 2276 4123 pag.
2300 4062 2449 4106 44.—

2151 4149 2185 4188 L
