2992 4842
1229 595 1539 642 senous.
2293 576 2379 643 4⁷

389 735 511 798 bus
539 733 770 797 claram
799 735 1022 815 unam,
1043 735 1112 798 in
1141 736 1348 822 capite
1371 736 1571 800 claras
1598 735 1779 815 duas,
1810 736 1929 799 sub
1960 735 2121 799 collo
2154 756 2372 814 unam,

388 820 460 882 in
481 831 738 902 pectore
766 819 944 900 duaa,
975 821 1046 883 in
1075 821 1393 885 anteriore
1434 822 1601 904 pede
1632 843 1849 902 unam,
1896 821 1967 884 in
2014 822 2381 886 summitate

389 904 590 988 ipsius
619 905 798 986 pedis
827 927 1044 983 unam,
1075 905 1144 968 in
1174 906 1362 970 dorso
1385 917 1655 990 septem,
1700 906 1769 968 in
1798 916 2021 970 ventre
2115 927 2161 967 u
2182 928 2226 968 n
2272 928 2378 985 ue,

388 991 461 1052 in
491 990 708 1053 caudae
739 992 1150 1054 extremitate
1173 992 1370 1054 claras
1399 991 1575 1056 duas.
1664 989 1837 1056 Sunt
1858 927 2248 1055 omnest
2318 991 2378 1056 Ι.

479 1073 684 1138 Porro
717 1075 1099 1157 Sagittarius
1131 1074 1478 1160 Scorpione
1510 1077 1756 1140 oriente
1786 1077 2093 1156 ascendit,
2121 1097 2250 1161 quo
2280 1099 2380 1141 as·

393 1161 705 1224 candente
749 1159 953 1223 Orion
1001 1161 1230 1224 occidit
1278 1172 1475 1240 totus,
1522 1171 1589 1225 et
1638 1161 1936 1248 Cepheus
1966 1183 2007 1225 a
2031 1161 2266 1226 vertice
2313 1172 2383 1226 et

392 1245 674 1309 humeris
704 1266 852 1309 cum
879 1247 1196 1324 manibus,
1240 1247 1308 1310 in
1339 1248 1521 1332 cujus
1564 1247 1729 1329 signi
1774 1246 2035 1330 regione
2084 1247 2381 1311 zodiacus
2450 1243 2457 1250 ⁹

391 1331 663 1397 circulus
691 1329 1087 1396 humillimus
1117 1342 1214 1395 est
1250 1345 1515 1415 propter
1540 1331 1775 1416 equina
1800 1353 2005 1395 crura.
2097 1330 2381 1397 Quidam

393 1427 656 1498 negant,
699 1415 1002 1506 dicenteS,
1048 1437 1378 1502 nunquam
1401 1415 1763 1481 Centauros
1782 1415 1929 1480 ullis
1951 1416 2203 1499 sagittis
2232 1439 2381 1482 usos

391 1501 610 1564 fuisse.
698 1500 978 1565 Quidam
1006 1513 1223 1570 autem
1251 1503 1496 1581 dicunt,
1514 1503 1687 1587 quod
1704 1502 2065 1587 quadrupes
2088 1523 2226 1566 esse
2249 1525 2381 1567 non

391 1587 702 1662 videatur,
749 1587 863 1650 sed
897 1598 1070 1652 stans
1093 1588 1274 1671 bipes
1309 1588 1695 1670 sagittarius.
1784 1586 1914 1651 Hic
1945 1597 2160 1651 autem
2190 1588 2380 1652 homo

395 1672 646 1757 equinis
686 1671 954 1755 pedibus
985 1683 1105 1753 est,
1147 1684 1217 1737 et
1243 1672 1508 1736 caudam
1546 1672 1745 1736 habet
1793 1673 1994 1736 veluti
2044 1673 2377 1756 sagittarii.

395 1755 728 1821 Sositheus
755 1769 994 1836 autem,
1039 1758 1499 1841 tragoediarum
1546 1758 1836 1841 scriptor,
1876 1757 2061 1821 illum
2105 1758 2383 1822 affirmat

393 1864 529 1905 esse
559 1841 928 1918 Crotonem,
963 1843 1331 1927 Euphemes
1379 1843 1715 1907 Musarum
1746 1843 2013 1906 nutricis
2040 1842 2269 1918 filium,
2312 1852 2381 1907 et

391 1926 784 1991 inhabitasse
817 1927 1220 2006 Heliconem,
1269 1941 1463 2013 atque
1495 1929 1744 2012 sagittis
1787 1940 1858 1991 et
1902 1939 2139 1992 venatu
2182 1928 2381 1994 vitam

395 2013 707 2094 exegisse,
741 2013 854 2097 qui
889 2013 1062 2076 inter
1089 2009 1334 2077 'Musas
1377 2013 1612 2097 saepius
1660 2024 2104 2093 commoratus,
2148 2012 2379 2096 plausu

393 2109 616 2161 cantus
669 2119 888 2160 earum
925 2098 1380 2182 distinguebat,
1423 2098 1491 2162 id
1540 2108 1638 2162 est
1676 2098 1760 2162 ad
1850 2098 2035 2162 edem
2082 2099 2379 2163 manibus

391 2182 760 2266 plaudebat,
820 2204 950 2268 quo
997 2183 1105 2246 alii
1149 2185 1471 2248 timerent.
1565 2183 1763 2246 Hunc
1889 2205 2023 2246 usae
2068 2183 2379 2248 beneficio

393 2267 437 2330 J
437 2269 568 2332 ovis
597 2268 782 2331 astris
807 2265 1190 2345 intulerunt,
1223 2270 1403 2354 cujus
1433 2279 1623 2346 artes,
1653 2269 1721 2332 id
1744 2279 1845 2332 est
1872 2269 2130 2352 plausus
2171 2279 2239 2332 et
2282 2291 2379 2333 sa-

393 2353 600 2435 gittae,
653 2353 825 2416 inter
869 2354 1168 2418 mortales
1221 2376 1531 2420 mansere.
1621 2353 1921 2436 Nigidius
1969 2354 2047 2417 de
2096 2353 2378 2418 Crotone

391 2437 562 2501 idem
592 2438 765 2514 dicit,
797 2439 911 2502 sed
937 2461 1068 2502 non
1097 2450 1538 2504 conversatum
1578 2460 1728 2503 cum
1772 2437 2023 2516 M'usis3
2070 2440 2184 2503 sed
2224 2439 2381 2503 dum

331 2525 337 2531 ’
391 2523 520 2586 illae
559 2533 784 2586 cantus
811 2524 1164 2609 chorosque
1211 2524 1629 2601 celebrarent,
1671 2524 1842 2587 hunc
1887 2524 2108 2609 procul
2154 2524 2379 2588 auditu

396 2609 736 2692 repentino
763 2609 994 2692 plausu
1024 2611 1104 2673 ad
1131 2609 1362 2693 pedem
1391 2609 1677 2673 feriendo
1706 2609 2023 2674 oblectare
2053 2621 2375 2685 canentes,

398 2693 480 2756 ob
506 2693 630 2766 ,hoc
659 2714 806 2756 eum
833 2717 872 2757 a
900 2694 1057 2758 Jove
1086 2695 1429 2758 immortali
1449 2695 1757 2758 memoria
1774 2715 1993 2759 earum
2014 2704 2245 2778 rogatu
2266 2694 2379 2758 do·-

303 2809 307 2813 1
397 2791 645 2858 natum,
711 2779 839 2842 uod
862 2791 1031 2843 esset
1053 2779 1317 2842 nutricis
1345 2802 1563 2844 earum
1591 2780 1781 2858 filius,
1801 2780 1973 2844 idem
1996 2780 2241 2844 Oceani
2262 2802 2377 2844 ne-

393 2883 533 2947 pos.
615 2903 620 2906 -
697 2865 847 2928 abet
875 2875 1092 2928 autem
1121 2865 1357 2942 stellaS,
1383 2865 1452 2928 in
1481 2865 1690 2949 capite
1718 2865 1898 2944 duas,
1924 2866 1995 2928 in
2024 2887 2175 2930 arcu
2202 2865 2381 2946 duas,

392 2948 470 3011 in
487 2949 778 3014 acumine
807 2951 1061 3034 sagittae
1091 2950 1270 3028 duas,
1296 2951 1364 3013 in
1395 2951 1627 3014 dextro
1656 2950 1875 3014 cubito
1898 2972 2115 3027 unam,
2155 2951 2229 3014 in
2270 2973 2377 3014 ea-

393 3033 538 3098 dem
565 3057 762 3098 manu
789 3056 1007 3112 unam,
1035 3035 1104 3098 in
1131 3047 1356 3099 ventre
1386 3035 1618 3100 claram
1642 3057 1862 3113 unam,
1892 3036 1963 3099 in
1990 3036 2173 3120 spina
2200 3036 2381 3115 duas,

393 3120 514 3183 sub
531 3119 732 3184 cauda
749 3121 928 3199 duas,
948 3120 1016 3183 in
1043 3120 1466 3184 anterioribus
1485 3120 1795 3204 geniculis
1817 3121 2115 3204 singulas.
2206 3121 2377 3184 Sunt

393 3225 612 3269 omnes
643 3203 805 3270 XV.
897 3203 1196 3305 Reliquae
1211 3228 1362 3269 vero
1383 3217 1650 3289 septem,
1670 3207 1897 3270 subter
1916 3228 2119 3283 crura,
2140 3205 2377 3270 similes

438 3291 652 3354 uidem
679 3301 830 3355 sunt
857 3293 1340 3374 -poste'rloribuS,
1367 3313 1514 3377 quae
1544 3314 1674 3355 non
1704 3291 2151 3368 ostenduntur,
2204 3292 2378 3377 quod

431 3375 755 3440 *entaurus
784 3377 1027 3460 duplex
1052 3377 1170 3440 sit:
1210 3377 1494 3462 jaculum
1528 3387 1742 3441 autem
1773 3378 1932 3462 ejus,
1981 3399 2069 3440 ex
2112 3397 2244 3462 quo
2282 3377 2378 3440 di-

391 3473 546 3524 cunt
574 3484 793 3526 omnes
825 3460 1139 3546 Cyclopas
1161 3463 1244 3526 ab
1276 3461 1580 3546 Apolline
1606 3461 1998 3543 interfectOS,
2043 3463 2157 3547 qui
2200 3461 2244 3524 J
2244 3462 2377 3526 ovis

387 3545 660 3611 fulmina
685 3547 991 3629 fecerant,
1035 3547 1478 3611 obsconditum
1523 3548 1727 3611 fertur
1766 3548 1849 3611 ad
1871 3547 2260 3633 aquilonem,
2309 3557 2378 3610 et

386 3642 667 3715 peracta,
696 3655 767 3695 ac
790 3633 1006 3716 potius
1037 3633 1256 3696 sedata
1301 3633 1438 3712 lite,
1484 3643 1903 3716 assumptum,
1946 3643 2017 3696 et
2059 3633 2145 3697 ad
2180 3632 2376 3715 pedes

389 3716 701 3800 sagittarii
745 3718 917 3782 inter
941 3728 1112 3782 astra
1147 3718 1543 3784 collocatum.
1636 3718 1859 3782 Habet
1900 3731 2117 3782 autem
2160 3715 2376 3780 stellas

389 3813 683 3887 quatuo-r,
699 3802 778 3865 in
807 3825 1056 3866 summo
1078 3825 1294 3881 unam,
1324 3804 1396 3866 in
1423 3803 1636 3867 medio
1666 3804 1999 3868 obscuram
2042 3823 2259 3881 unam,
2282 3801 2376 3865 'in

384 3888 615 3970 pennis
645 3888 822 3967 duas,
849 3910 1047 3953 unam
1068 3911 1220 3954 vero
1249 3889 1741 3973 splendidiorem
1771 3889 1932 3954 aliis.

469 3973 776 4058 Aquilam
803 3996 954 4038 sane
996 3975 1171 4038 inter
1197 3986 1368 4039 astra
1411 3973 1782 4038 collocatam
1826 3974 2071 4053 dicunt,
2112 3979 2379 4056 propter

388 4057 578 4144 Gany
587 4059 834 4125 medem
871 4060 915 4123 J
915 4061 1046 4126 ovis
1077 4060 1467 4140 ministrum,
1514 4081 1706 4149 quem
1755 4059 1971 4145 rapuit
1993 4059 2079 4123 -in
2125 4056 2372 4122 caelum.
