2992 4842
1311 549 1603 585 At’l’ssumx.
2394 550 2453 582 cv

468 675 667 752 foribus·
734 675 812 723 Ita
849 675 1188 752 emaculandos
1225 690 1308 723 eos
1347 676 1627 751 Germanici
1666 690 1833 725 versus
1869 676 2172 752 arbitramur,
2205 676 2257 723 in
2280 675 2453 737 quibus

470 740 1024 854 23035533251532?
1045 742 1182 853 &51¹5
1203 741 2457 871 {tussstz‘sszrfft&3503505352233ffsffizztffissiffi

467 870 714 918 valvarum
737 870 1022 919 deductione
1041 870 1272 933 loquitur.
1341 871 1516 934 Neque
1555 872 1816 934 quicquam
1849 879 2017 921 contra
2054 871 2170 919 facit
2204 871 2338 919 locus
2361 871 2456 919 Co-

469 935 600 983 mici.
670 935 880 983 Banrn.
904 936 1027 983 Adv.
1052 934 1267 984 XXXV.
1292 951 1332 983 c.
1355 938 1430 992 14,
1451 951 1499 998 p.
1518 936 1657 983 1613.

534 1001 644 1047 200.
678 998 885 1047 Piae-ula
924 998 1115 1061 matris]
1151 1000 1232 1047 Ad
1269 1002 1462 1049 Manilii
1505 1017 1551 1050 v.
1574 1003 1684 1061 541,
1723 1000 1951 1049 adscribit
1989 1000 2217 1063 Scaliger,
2255 999 2459 1047 Victima

459 1078 554 1125 pro
587 1068 729 1122 natis,
766 1065 1014 1127 piaculum
1049 1066 1392 1114 succidaneum
1414 1066 1635 1114 stultitiae
1656 1067 1839 1123 matris,
1877 1074 2069 1129 propter
2090 1080 2235 1129 quam
2260 1080 2457 1113 necesse

466 1128 562 1177 fuit
604 1129 716 1177 dare
758 1136 897 1177 natos
944 1131 1083 1180 Ceto,
1148 1130 1293 1179 Unde
1331 1132 1654 1179 Germanicus
1686 1131 1746 1179 de
1785 1131 2119 1179 Andromeda:
2154 1133 2328 1179 meritae
2360 1145 2462 1177 non

456 1192 593 1253 justa
610 1194 808 1256 piacula
831 1198 1016 1245 matris.
2182 1241 2188 1248 .

533 1260 642 1305 202.
685 1259 888 1307 Obscura
921 1260 1006 1308 sub
1039 1267 1171 1308 nocte
1207 1258 1339 1322 licet]
1375 1260 1727 1309 Broeckhusius
1746 1259 1799 1307 in
1821 1259 1947 1307 notis
1969 1258 2031 1306 ad
2050 1259 2265 1322 Propert.
2299 1259 2382 1307 lib.
2411 1259 2455 1307 Ι.

467 1322 591 1385 eleg.
619 1324 711 1371 IX.
747 1340 796 1371 v.
821 1327 899 1381 30,
939 1340 985 1387 Ρ.
1010 1326 1089 1383 36,
1129 1325 1414 1373 Ciceronem
1435 1326 1488 1373 in
1519 1325 1604 1373 lib.
1629 1325 1702 1373 11.
1725 1326 1785 1373 de
1806 1330 1906 1373 nat.
1932 1324 2080 1372 Deor.
2112 1340 2155 1373 c.
2176 1326 2255 1382 43,
2290 1330 2457 1373 nostro

470 1403 572 1435 non
593 1403 862 1451 repugnare
883 1390 1192 1437 demonstrat.

534 1453 644 1500 205.
677 1453 773 1502 Sed
799 1469 945 1516 ρωποι
969 1453 1132 1513 facies
1165 1453 1401 1517 remanet]
1441 1454 1521 1502 Sic
1557 1454 1793 1502 Manilius
1812 1449 1829 1501 ε’
1858 1454 1960 1502 Nec
1987 1455 2147 1501 minus
2168 1460 2213 1501 et
2232 1454 2457 1502 scelerum

451 1519 588 1579 facie
627 1532 872 1582 rerumque
909 1520 1112 1567 tumultu
1154 1518 1402 1567 Gaudebit.
1471 1518 1639 1567 Facies
1660 1522 1884 1567 scelerum
1904 1527 1977 1566 est
1998 1518 2154 1580 figura
2172 1534 2275 1565 rem
2298 1519 2455 1580 ipsam

465 1583 654 1645 spirans
691 1584 908 1645 proxima
942 1584 1143 1632 veritati.
1211 1584 1521 1631 Contrarium
1554 1592 1627 1632 est
1662 1584 1867 1647 species,
1899 1584 2027 1645 quod
2064 1583 2295 1631 nimirum
2332 1583 2456 1631 nihil

466 1647 682 1695 veritatis
705 1648 862 1695 habet.
931 1648 1142 1697 Baa'rn.
1165 1648 1370 1697 Advers.
1393 1648 1517 1696 V11.
1539 1664 1582 1697 c.
1602 1649 1649 1707 6,
1674 1664 1720 1711 p.
1742 1650 1851 1696 323.

532 1714 643 1761 209.
677 1712 980 1775 Alvo‚sulyet
1003 1712 1172 1776 equus]
1211 1713 1368 1761 Aldus
1391 1715 1646 1776 scripserat
1665 1714 1786 1761 Albo
1808 1718 2045 1775 corrupte.
2110 1711 2291 1759 Aratus
2322 1713 2455 1761 enim

464 1777 613 1825 habet
635 1775 815 1841 γαςέρι
839 1776 1048 1842 νειαίρῃ.
1085 1779 1231 1826 Mou-
1307 1780 1421 1826 Tres
1443 1793 1599 1827 amos
1618 1783 1664 1825 et
1686 1779 1837 1826 latera
1858 1781 2015 1841 eequis,
2039 1775 2142 1839 Qu]
2175 1777 2317 1825 Armi
2340 1786 2455 1825 sunt

463 1842 519 1889 in
540 1858 680 1904 equo,
703 1844 788 1903 qui
813 1842 1004 1890 humeri
1024 1850 1108 1890 aut
1127 1842 1337 1905 scapulae
1362 1844 1410 1891 in
1432 1844 1647 1891 homine.
1716 1843 1839 1891 Vide
1860 1842 1967 1890 haec
1990 1842 2147 1899 verba,
2171 1849 2219 1889 et
2234 1843 2455 1907 exempla

467 1906 610 1969 plura
629 1908 681 1954 in
705 1907 914 1955 Bima.
938 1908 1140 1955 Advers.
1162 1908 1358 1957 XLIX.
1383 1924 1424 1958 c.
1449 1908 1492 1965 7,
1514 1924 1561 1970 p.
1584 1909 1725 1965 2292,
1740 1925 1839 1971 seq.

531 1974 644 2020 212.
683 1972 790 2028 Qua
807 1970 970 2033 jerus]
1007 1972 1202 2020 Nomen
1207 1972 1313 2032 seri
1334 1973 1395 2020 ad
1416 1973 1682 2020 Arabicum
1714 1995 1851 2047 w-73
1879 1972 2059 2035 pharas
2082 1970 2295 2019 alludere
2316 1978 2457 2034 putat

467 2048 738 2161 Bocihartus
761 2049 960 2098 Hieroz.
999 2050 1080 2099 lib.
1109 2049 1181 2098 ΙΙ.
1225 2066 1266 2099 c.
1290 2052 1336 2109 6,
1375 2065 1423 2113 p.
1447 2051 1526 2098 99.
1596 2050 1741 2099 Quod
1764 2050 1989 2113 equidem
2010 2048 2263 2097 fortuitum
2284 2049 2451 2097 malim

468 2129 548 2161 cre
585 2130 678 2162 ere.

534 2180 645 2226 224.
679 2179 797 2227 Inde
818 2178 972 2227 subest
992 2178 1128 2227 Aries
1151 2184 1232 2243 qui
1255 2180 1386 2242 longe
1405 2181 1618 2226 maxima
1640 2184 1819 2227 torrens
1848 2177 2001 2234 Orbis,
2031 2183 2077 2225 et
2095 2179 2159 2226 ad
2166 2180 2322 2241 finem
2342 2194 2454 2241 spa-

465 2245 530 2290 cii
561 2259 657 2291 non
688 2246 872 2305 sequ-ior
891 2244 1056 2292 horam
1089 2248 1314 2292 Pervenit
1333 2251 1379 2292 et
1399 2245 1585 2308 quando
1600 2248 1817 2307 yravae'ore
1842 2244 2072 2305 Lycaonis
2094 2241 2285 2304 Arctos]
2325 2243 2453 2291 Scri-

469 2308 682 2356 bendum
703 2308 838 2356 nullo
859 2309 1053 2371 negotio
1077 2310 1291 2366 arbitror,
1307 2316 1362 2357 ut
1383 2310 1514 2358 clara
1531 2316 1581 2356 et
1598 2309 1853 2371 perspicua
1874 2316 2011 2356 exeat
2033 2309 2298 2355 sententia:
2334 2308 2455 2355 Inde

440 2378 445 2385 '
465 2370 620 2420 subest
641 2374 777 2422 Aries
797 2377 878 2435 qm·
899 2375 1032 2435 tonye
1052 2377 1262 2423 mast-ima
1285 2382 1466 2423 towens
1490 2373 1646 2432 Orbis,
1669 2380 1721 2421 at
1742 2372 1807 2420 ad
1818 2374 1973 2435 fidem
1993 2374 2142 2435 spacii
2160 2389 2255 2421 non
2269 2377 2455 2435 seynior

467 2437 636 2485 lio-ram
654 2437 906 2487 Pei-veniet
929 2454 1068 2501 quam
1081 2446 1189 2487 actu
1204 2440 1408 2487 breviore
1432 2440 1667 2501 Lycaonis
1678 2444 1847 2487 arctos.
1912 2438 2139 2486 Maxima
2156 2438 2454 2500 amplissima

467 2504 630 2565 spacia
649 2504 766 2550 dicit
786 2504 1181 2566 longissimaque.
1250 2505 1329 2551 Sic
1353 2504 1571 2551 Avienus
1592 2505 1645 2551 in
1668 2504 1836 2551 eodem
1858 2504 2138 2550 astet-ismo:
2180 2502 2328 2550 Haud
2342 2518 2453 2564 pro-

467 2569 548 2615 cul
584 2575 708 2615 astro
752 2568 884 2615 Visus
917 2571 1024 2631 equi
1056 2584 1226 2631 maqno
1263 2570 1433 2617 celsum
1467 2575 1595 2615 secat
1631 2584 1743 2615 aera
1782 2574 1927 2615 motu.
2004 2567 2209 2615 Torrens
2230 2576 2451 2615 ruentem

465 2648 646 2695 magna
668 2633 715 2680 vi
749 2633 1002 2694 significat.
1070 2633 1316 2691 Lucanus,
1353 2634 1438 2681 lib.
1469 2633 1590 2681 VII.
1629 2632 1837 2680 Abstulit
1870 2634 2079 2694 inqentes
2100 2634 2215 2693 sato
2249 2639 2451 2680 tor-rente

464 2701 644 2746 minas.
729 2697 893 2747 Quare
935 2713 1043 2745 eam
1085 2713 1250 2745 vocem
1293 2699 1344 2745 iu
1391 2698 1681 2746 Germanico
1724 2712 1821 2744 non
1862 2698 2167 2745 mutaverim.
2247 2698 2451 2745 Summa

467 2770 632 2809 autem
665 2763 918 2810 sententiae
940 2770 1013 2810 est
1035 2763 1252 2811 Arietem
1285 2778 1521 2825 magnum
1560 2763 1721 2809 orbem
1760 2768 1860 2808 tam
1893 2762 1987 2809 cito
2020 2762 2264 2823 perficere,
2301 2777 2449 2824 quam

467 2830 652 2875 Arcton
679 2828 940 2875 minutum.
1007 2826 1226 2875 Avienus
1260 2836 1316 2875 ut
1349 2830 1557 2875 Aratum
1589 2842 1689 2875 non
1726 2826 1921 2873 afferam
1960 2827 2185 2875 omnibus
2222 2827 2447 2874 obvium:

475 2891 510 2937 '1
516 2892 612 2939 ’ωηο
634 2892 756 2939 celer
775 2894 856 2939 itte
877 2892 1012 2945 Aries
1043 2892 1168 2955 lonyi
1201 2895 1282 2955 qui
1317 2892 1483 2941 limitis
1520 2892 1628 2939 orbe
1664 2891 1870 2939 AEthera
1897 2906 2175 2953 percurrens
2209 2906 2452 2955 nunquam

472 2956 793 3019 Cynosuridos
823 2972 941 3005 ειν-διε
980 2960 1174 3019 Seynior
1205 2958 1404 3020 ablapsu
1440 2960 1741 3005 convertitur.
1808 2956 2018 3004 BARTH.
2042 2956 2248 3005 Advers.
2271 2955 2449 3004 XXII.

468 3036 513 3068 c.
539 3024 614 3077 12,
673 3056 683 3068 .
707 3023 847 3070 1094.

533 3036 668 3133 235.p
687 3087 882 3134 Donum
923 3085 1010 3133 Ῐιοι·
1050 3085 1185 3148 Nili]
1237 3087 1432 3145 Seneca,
1475 3087 1561 3136 lib.
1586 3085 1677 3135 IV.
1714 3092 1811 3133 nat.
1879 3086 2065 3135 Quaest.
2101 3101 2140 3133 c.
2168 3087 2212 3141 2,
2250 3100 2298 3147 Ρ.
2320 3085 2447 3133 698:

466 3150 613 3197 Nilus
645 3150 781 3198 illato
823 3151 935 3199 limo
971 3166 1139 3199 arenas
1173 3157 1358 3200 saturat
1389 3168 1447 3200 ac
1471 3152 1653 3215 junyit.
1716 3150 1957 3213 Debetque
1990 3152 2066 3198 itti
2095 3151 2335 3211 AEyyptus
2354 3165 2452 3197 non

467 3220 650 3263 tantum
656 3217 964 3276 fertilitatem
987 3222 1235 3273 terrarum,
1251 3218 1332 3264 sed
1346 3219 1488 3279 ipsas.
1553 3216 1693 3264 Adde
1712 3216 1984 3264 Diodorum
2001 3215 2151 3263 Sicul.
2164 3215 2449 3263 Bibliothec.

465 3280 550 3327 lib.
577 3280 682 3327 III.
705 3281 811 3327 init.
834 3288 883 3329 et
903 3281 1110 3328 eundem
1130 3281 1272 3328 illum
1295 3282 1528 3329 Senecam
1552 3281 1668 3329 Nat.
1690 3280 1876 3331 Quaest.
1902 3280 1992 3327 VI.
2014 3295 2060 3327 c.
2074 3280 2155 3329 26.

532 3346 642 3393 236.
682 3344 922 3393 Divitibus
941 3352 1210 3394 veneratum
1234 3346 1366 3394 Indis
1386 3348 1440 3395 in
1459 3346 1566 3394 sede
1586 3344 1790 3407 noterit]
1817 3344 1895 3392 Ita
1909 3346 2039 3392 enim
2062 3344 2447 3403 emaculandum,

465 3424 582 3457 cum
599 3410 901 3459 Basileeuses
921 3410 1032 3457 libri
1052 3411 1304 3473 imponant
1315 3411 1468 3469 nobis,
1482 3413 1624 3459 undis
1636 3410 1949 3474 praeferendo.
2017 3410 2229 3457 Baarn.
2244 3409 2447 3458 Advers.

466 3474 630 3523 XXV.
669 3491 712 3523 c.
737 3474 782 3534 7,
820 3490 866 3538 Ρ.
893 3474 1032 3525 1227.
1102 3476 1242 3523 Nihil
1261 3476 1405 3524 habet
1425 3476 1569 3525 lectio
1588 3475 1834 3540 proposita
1855 3491 1884 3523 a
1909 3474 2095 3533 Grotio‚
2118 3490 2205 3523 cur
2230 3475 2449 3523 Barthia-

463 3554 580 3587 mm
600 3542 643 3587 ei
663 3540 972 3602 praeferamus
991 3540 1331 3601 conjecturam.

531 3604 644 3652 239.
682 3608 812 3653 Hinc
831 3603 990 3666 Artes]
1025 3604 1201 3663 Aldus,
1222 3606 1368 3654 Hunc
1391 3603 1543 3655 Aries.
1610 3604 1789 3653 Itidem
1811 3604 1870 3652 de
1890 3604 2119 3666 piscibus,
2155 3603 2301 3651 Hunc
2320 3602 2449 3651 ultra

463 3672 642 3732 gemini
654 3669 1038 3731 pisces.—Moa.

530 3735 640 3782 246.
679 3735 867 3783 Nodum
885 3734 1020 3782 stella
1035 3733 1234 3797 premit]
1269 3734 1480 3782 Aldinus
1502 3735 1652 3783 codex
1674 3732 1821 3796 legit:
1856 3732 2078 3781 Nondum
2112 3734 2249 3781 stella
2274 3735 2451 3796 premit

455 3801 604 3859 piscis
647 3803 730 3863 qui
765 3802 955 3862 respicit
998 3814 1158 3858 auras,
1219 3800 1452 3848 Rreicioe
1493 3800 1707 3847 dextram
1749 3798 2052 3846 Andromedoe
2092 3803 2347 3845 cernuntur
2386 3797 2453 3844 ad

463 3864 704 3912 abname-
843 3899 856 3912 .

529 3930 641 4009 249.
675 3929 706 3975 J
710 3864 869 4009 &pitter
887 3929 1016 3991 apud
1037 3929 1309 4009 Iffomerum
1333 3928 1473 3977 Iliad.
1489 3927 1539 3980 Ξ
1557 3929 1617 3977 de
1638 3928 1839 3976 Danaez
1873 3924 1933 3974 Ἤ
1951 3925 2057 3976 τέκε
2084 3926 2294 3991 Περσῆα
2311 3924 2447 3973 πάν-

466 3990 1218 4125 τωὲὃὲῗιῑῇἓιῖιζοῖαὲἕὲῗέἐπεί
1251 4057 1432 4120 auster]
1469 4058 1651 4108 Nescio
1680 4057 1796 4121 quid
1817 4058 1868 4107 in
1890 4058 2052 4106 animo
2072 4056 2295 4106 habuerit
2317 4056 2441 4105 Ger-
