2992 4842
567 548 684 597 xxvi
1487 567 1517 599 Ν
1528 567 1641 599 ors.

565 700 712 747 nunc,
735 689 900 747 lector,
925 690 1050 737 unde
1073 690 1334 738 deductum
1360 692 1472 739 εἰμ’·
1548 692 1653 739 Hoc
1686 708 1877 755 quoque
1899 692 2112 755 languet,
2152 694 2236 741 sed
2271 696 2429 756 poetae
2465 695 2559 743 for-

565 762 694 803 tasse
713 755 866 817 ipsius
887 755 1045 818 culpa.
1083 771 1284 817 pesaqus
1311 756 1553 805 E.-0R.

631 820 741 866 223.
785 819 964 867 l'eloces
1004 824 1156 881 afluat
1191 819 1397 883 pennas]
1447 837 1563 868 nam
1605 822 1760 869 alatus
1804 822 2103 884 pingebatur.
2172 822 2285 869 Vid.
2324 822 2482 871 Patin.
2506 824 2560 871 in

565 884 800 934 numism.
831 884 1064 946 Imperat.
1096 899 1146 947 p.
1174 887 1246 941 18,
1267 888 1348 933 41.
1417 885 1645 934 Vaillant.
1669 888 1721 933 in
1744 902 1879 935 num.
1906 886 2077 933 Colon.
2100 893 2221 949 part.
2245 887 2286 933 Ι.
2310 902 2419 949 pag.
2448 889 2558 945 292,

565 955 618 995 et
653 948 783 996 alibi.
853 949 1054 998 Lucian.
1093 950 1143 995 in
1185 950 1350 997 Somn.
1395 959 1513 999 tom.
1550 950 1595 997 1.
1638 967 1683 1013 p.
1724 953 1799 998 10.
1866 950 1989 998 Vide
2024 966 2133 1014 quae
2164 952 2223 999 ad
2247 967 2289 998 v.
2313 954 2409 999 206
2432 953 2561 1001 dicta

565 1012 912 1061 sonte—SOU.
1045 1013 1227 1061 Velocis
1247 1015 1361 1063 ΑΕ.
1387 1018 1567 1077 pinnae
1600 1016 1843 1063 E.—oR.

631 1078 741 1125 224.
779 1077 943 1140 Aries]
985 1080 1188 1126 Putatur
1223 1095 1328 1127 esse
1362 1080 1422 1137 is,
1460 1080 1543 1143 qui
1584 1080 1819 1127 Phrixum
1843 1087 1891 1127 et
1914 1078 2095 1127 Hellen
2124 1095 2210 1143 per
2242 1096 2375 1127 mare
2411 1081 2558 1129 vexit.

565 1140 816 1191 Eratosth.
840 1144 1022 1190 Catast.
1049 1144 1126 1191 19.
1197 1144 1432 1192 Fabulam
1468 1144 1681 1207 explicat
1712 1144 2023 1207 Palaephatus
2046 1145 2105 1191 de
2129 1144 2407 1193 Incredibil.
2437 1146 2557 1193 His-

565 1214 652 1253 tor.
679 1223 782 1270 cap.
809 1210 890 1257 31.
957 1208 1050 1257 Vel
1086 1215 1158 1256 est
1191 1208 1330 1265 aries,
1367 1210 1452 1271 qui
1487 1210 1739 1257 Bacchum
1772 1225 1889 1257 cum
1927 1209 2147 1257 exercitu
2183 1211 2234 1257 in
2270 1210 2441 1258 Africa
2476 1210 2559 1258 siti

563 1270 796 1319 afflictum
829 1273 890 1320 ad
926 1289 1100 1336 aquam
1143 1274 1370 1334 perduxit
1401 1290 1456 1321 ac
1491 1274 1742 1321 recreavit.
1812 1274 2043 1335 Nigidius
2079 1275 2209 1336 apud
2256 1274 2559 1322 Scholiasten

566 1335 862 1385 Germanici.
930 1337 1088 1395 Adde,
1117 1338 1198 1395 sis,
1223 1338 1476 1400 Rutgersii
1514 1339 1630 1387 Var.
1668 1340 1806 1387 Lect.
1840 1338 1924 1385 lib.
1949 1338 2056 1385 111.
2092 1353 2139 1400 p.
2167 1339 2277 1396 278,
2300 1346 2350 1386 et
2372 1356 2419 1401 p.
2446 1340 2561 1390 297.

563 1400 778 1463 currens]
815 1416 986 1450 versus
1017 1403 1108 1451 bos
1143 1403 1360 1465 quinque
1396 1404 1789 1465 depravatissime
1809 1403 2027 1451 referunt
2046 1403 2247 1464 vulgati,
2268 1404 2361 1451 boc
2382 1411 2553 1465 pacto:

562 1463 683 1512 Inde
717 1467 872 1514 subest
905 1470 1032 1515 aries
1064 1471 1146 1531 qui
1179 1468 1314 1529 lonqe
1344 1472 1559 1517 mafima
1578 1484 1769 1515 currens
1796 1467 1939 1516 Orbis
1961 1473 2007 1514 et
2027 1467 2092 1514 ad
2097 1470 2253 1531 finem
2273 1471 2440 1530 spatiis
2461 1485 2559 1516 non

563 1530 748 1577 tardior
768 1531 934 1580 horam
957 1530 1182 1580 Pervenit
1199 1537 1244 1578 et
1268 1534 1455 1595 quando
1469 1536 1689 1597 qraviore
1710 1532 1946 1595 Lycaonis
1968 1537 2123 1579 arctos
2146 1536 2297 1581 Axem
2318 1535 2394 1580 vel
2412 1538 2557 1591 tutor,

563 1609 698 1655 quem
719 1603 858 1643 cauto
873 1600 1061 1661 qratior
1079 1599 1160 1645 ille
1181 1596 1431 1645 Distantes
1463 1614 1611 1645 cornu
1634 1604 1859 1660 properat
1896 1600 2159 1657 continqere
2197 1604 2364 1645 metas.
2432 1598 2560 1647 Quis

561 1658 644 1706 hic
667 1675 856 1721 sensns,
879 1670 942 1719 et,
968 1668 1024 1709 ut
1045 1670 1187 1720 esset,
1211 1662 1321 1723 quis
1345 1662 1521 1710 similis
1540 1662 1639 1709 illis
1662 1663 1869 1719 Arateis,
1908 1660 2075 1709 Αὑτοῦ
2111 1662 2196 1709 καὶ
2228 1663 2390 1725 κριοῖο
2426 1661 2557 1709 3οώ-

563 1723 716 1771 τατάι
740 1742 836 1773 εισι
856 1724 1102 1786 κέλευθοι,
1117 1726 1211 1783 ’Ὃς
1231 1723 1300 1788 ῥα
1324 1743 1376 1774 τε
1399 1728 1485 1774 καὶ
1506 1726 1702 1790 μὴκιςα
1728 1724 2030 1790 διωκόμενος
2052 1726 2166 1790 περὶ
2186 1724 2368 1785 κύκλα,
2391 1724 2557 1775 Οὐδὲν

563 1785 916 1854 ἀφαυρότερον
949 1791 1158 1855 τροχάει
1196 1789 1529 1855 κυνοσερίδος
1565 1792 1743 1855 cipere.
1814 1792 1923 1839 Hoc
1948 1799 2035 1847 est,
2066 1794 2327 1853 interprete
2352 1792 2558 1850 Avieno,

569 1852 709 1901 Tunc
741 1857 863 1903 celer
893 1858 976 1904 ille
1009 1855 1160 1913 Artes,
1195 1858 1326 1921 lonyi
1348 1859 1429 1919 qui
1450 1859 1618 1904 limitis
1638 1858 1748 1905 orbe
1770 1855 1981 1905 AEthera
1996 1872 2292 1918 percurrens,
2314 1871 2561 1918 nunquam

567 1915 875 1979 Cynosuridis
896 1937 1014 1969 urse
1050 1921 1249 1983 Seqnior
1270 1922 1330 1971 ab
1355 1922 1492 1985 lapsu
1526 1926 1824 1969 converta‘tnr.
1892 1922 2011 1969 Man
2020 1921 2217 1982 ascripti
2238 1920 2381 1968 lectio
2404 1922 2557 1969 ferme

559 1984 724 2044 proba,
760 1986 854 2033 nisi
882 1987 1012 2048 quod
1047 2002 1190 2034 versu
1212 1987 1424 2034 secundo
1447 2002 1569 2035 ursoe
1589 2002 1675 2048 pro
1696 2003 1825 2046 ursa,
1862 1993 1911 2033 et
1933 2002 2074 2034 versu
2096 1986 2235 2033 tertio
2258 1985 2429 2033 habeat
2452 1986 2555 2033 bre-

560 2049 666 2096 vior
700 2048 994 2107 Helicaom’s,
1031 2066 1180 2113 quare
1200 2066 1290 2099 nos
1311 2053 1362 2099 in
1387 2058 1525 2099 textu
1546 2052 1612 2099 ibi
1640 2052 1885 2113 vulgatam
1915 2054 2132 2113 qrava‘ore
2158 2053 2390 2112 Lycaonis
2409 2066 2557 2113 posu-

559 2111 706 2160 imus.
773 2115 869 2161 Sed
903 2115 1133 2164 facillime
1170 2132 1300 2163 error
1335 2115 1421 2163 ille
1457 2116 1723 2173 tolleretur,
1760 2117 1801 2163 si
1823 2116 2045 2177 legamus
2082 2115 2291 2162 breviwe
2322 2114 2559 2176 Lycaonis

559 2183 731 2226 arctos.
801 2179 958 2228 Versu
979 2181 1153 2228 ultimo
1174 2196 1260 2243 pro
1283 2196 1430 2228 corma
1451 2180 1713 2243 legendum
1738 2196 1892 2228 cursu.
1960 2180 2135 2241 Itaque
2168 2180 2301 2226 hisce
2336 2180 2553 2238 mutatis,

560 2243 749 2290 caeteris
769 2243 1060 2293 lectionibus
1079 2262 1142 2293 ex
1164 2246 1501 2307 Manuscripto
1524 2246 1773 2302 desumtis,
1809 2245 2199 2292 distinctionibus
2224 2258 2284 2291 ex
2304 2244 2463 2301 nobis,
2484 2245 2554 2291 ita

560 2305 613 2353 hi
651 2322 818 2356 versus
859 2316 976 2357 sunt
1013 2311 1314 2368 restituendi,
1356 2318 1413 2357 ut
1443 2326 1574 2357 nunc
1618 2310 1831 2372 expressi
1878 2316 2010 2357 sunt.
2076 2308 2259 2356 Confer
2296 2308 2401 2355 haec
2439 2324 2556 2356 cum

559 2370 786 2433 vulgatis,
809 2381 858 2421 et
870 2374 1045 2423 mirare
1066 2375 1369 2423 librariorum
1389 2375 1761 2436 impudentiam,
1784 2375 1869 2436 qui
1892 2381 1991 2421 tam
2014 2374 2184 2436 procul
2205 2372 2310 2421 ausi
2335 2374 2555 2420 recedere

559 2450 740 2549 anxier?
765 2438 1016 2514 scripturae
1049 2440 1281 2552 ves-tlilgliis,
1303 2448 1361 2552 ιὰῐ
1381 2446 1549 2552 ”legg
1558 2440 1693 2551 Ixiihil
1716 2440 1897 2496 minus,
1918 2438 2221 2565 qffaffdlu‘ssd
2240 2438 2374 2549 ‘tuest’
2395 2438 2554 2550 diff?

563 2516 608 2547 vi
641 2517 700 2549 ea
721 2518 793 2559 ur,
825 2517 926 2551 uno
959 2520 1073 2552 vero
1092 2520 1142 2551 n1
1181 2521 1196 2552 1
1219 2531 1299 2552 .—
1355 2518 1503 2552 n.-—-..
1610 2519 1947 2552 .—-—currens
2109 2519 2167 2565 gs
2202 2537 2217 2551 .
2270 2517 2429 2549 orrens
2537 2538 2552 2551 .

563 2564 762 2614 Omittit
787 2568 918 2616 hunc
942 2585 985 2616 v.
1010 2569 1256 2617 A.—0R.

625 2633 736 2679 225.
777 2632 930 2695 Ursd]
967 2634 1026 2681 de
1047 2650 1097 2695 g.
1121 2635 1246 2696 conj.
1277 2635 1347 2681 sb.
1388 2631 1521 2681 Ursae
1558 2633 1701 2693 EGg.
1770 2634 1943 2679 Cetera
1976 2637 2031 2679 ut
2064 2646 2168 2680 nos.
2242 2630 2361 2678 Orbe
2394 2634 2556 2692 spatia

559 2694 902 2809 ἶῗβηοῗὲιοπ
924 2699 1105 2747 tarditas
1124 2714 1262 2748 uram
1283 2698 1394 2759 (sic)
1414 2702 1471 2745 A.
1512 2696 1649 2745 Orbis
1663 2714 1679 2745 .·
1711 2703 1756 2744 et
1778 2698 1842 2744 ad
1858 2699 2017 2760 finem
2037 2697 2204 2759 spatiis
2238 2712 2334 2743 non
2370 2695 2555 2743 tardior

623 2776 726 2807 ram
836 2763 1030 2810 .-0R.

625 2827 734 2875 226.
771 2828 958 2885 Quanto
989 2824 1228 2885 breviore]
1263 2826 1324 2874 E.
1346 2827 1545 2873 firmans
1566 2841 1616 2887 g.
1640 2826 1767 2888 conj.
1792 2842 1833 2872 s.
1869 2832 2043 2887 quanto
2078 2824 2263 2873 brevior
2302 2824 2560 2871 helicaom's

562 2889 626 2937 G.
660 2893 849 2952 quando
869 2893 958 2953 (sic
979 2900 1107 2940 certe
1128 2890 1295 2949 APb.)
1312 2895 1532 2954 yraviore
1554 2891 1733 2937 AFPb.
1758 2896 1931 2951 quanto
1952 2893 2171 2952 qraviore
2191 2888 2427 2950 g.—-OR.

623 2956 736 3005 227.
769 2954 918 3004 Axem
950 2964 1059 3005 actu
1093 2955 1297 3019 torquet]
1337 2956 1542 3017 EGgsb.
1575 2955 1722 3002 Axem
1742 2960 1928 3002 actutor
1947 2960 2053 3017 quet
2077 2954 2191 3015 (sic)
2217 2953 2277 3001 A.
2315 2953 2463 2999 Aoeem
2484 2955 2560 3002 vel

558 3025 687 3066 tutor
709 3036 843 3083 quem
865 3022 963 3070 FP.
1003 3022 1178 3083 (Ibid.)
1199 3019 1464 3084 pernicior]
1492 3020 1743 3081 AEGgsb.
1774 3023 1959 3080 qratior
1982 3019 2261 3066 FP.—OR„

624 3086 736 3133 228.
775 3086 1047 3149 Distantes]
1083 3088 1128 3134 E
1145 3087 1251 3147 (G.)
1264 3086 1366 3146 gsb.
1403 3085 1645 3133 Distante's
1668 3084 1815 3132 AFP.
1850 3084 2019 3145 (Ibid.)
2040 3080 2209 3145 cornu]
2234 3082 2555 3144 AEGFPgb.

559 3164 699 3197 cursa
720 3151 778 3197 de
799 3167 846 3213 g.
875 3152 1001 3213 conj.
1025 3152 1242 3198 s.—0R.

625 3216 735 3263 229.
775 3215 918 3263 Clara
955 3232 1040 3263 nec
1071 3222 1141 3263 est
1173 3213 1273 3275 illi]
1313 3214 1466 3261 Paulo
1501 3214 1711 3261 deterius
1756 3212 1956 3275 vulgati.
1999 3212 2199 3261 Clarave
2238 3227 2334 3257 non
2372 3212 2447 3259 illi
2488 3214 2558 3258 est

1245 3279 1392 3327 Clara
1423 3295 1509 3327 nec
1551 3284 1620 3326 est
1662 3276 1761 3340 illi]
1808 3278 2065 3339 AEGgsb.
2102 3277 2301 3323 Clarave
2344 3290 2440 3322 non
2480 3276 2557 3322 illi

545 3278 715 3337 socies.
729 3281 1106 3328 -Gn.—scH.

561 3351 630 3389 est
655 3343 694 3389 F
698 3345 934 3392 P.--OR.

627 3410 738 3455 230.
778 3408 967 3470 officiat
997 3412 1041 3457 si
1075 3408 1213 3471 luno]
1253 3408 1374 3455 Haec
1397 3415 1525 3456 recte
1547 3408 1598 3454 in
1621 3407 1847 3467 vulgatis,
1885 3406 2013 3454 male
2034 3407 2084 3453 in
2111 3404 2223 3453 MS.
2264 3404 2473 3465 Fffieiat,
2510 3408 2551 3451 si

562 3472 674 3518 luna
697 3488 784 3519 sua
805 3477 978 3522 virtute
999 3478 1186 3522 niteret.
1252 3473 1340 3519 Ait
1375 3476 1580 3520 Aratus:
1618 3470 1783 3528 Αὐτὸς
1822 3472 1917 3533 μὲν
1956 3470 2143 3530 νωθὴς,
2181 3472 2266 3517 καὶ
2300 3467 2556 3532 ἀνάςερος

559 3533 642 3583 οἶα
669 3535 863 3596 σελήνη
893 3536 1204 3601 Σκέψασθαι.
1271 3537 1491 3599 Exponit
1513 3536 1819 3594 scholiastes,
1860 3534 2034 3597 ὥσπερ
2072 3534 2129 3585 ἐν
2166 3531 2442 3597 πληθούσῃ
2479 3548 2555 3580 σε-

559 3598 700 3666 λήνῃ
754 3601 1077 3666 φαινόμενος.
1167 3604 1330 3653 Quem
1385 3602 1603 3663 sequitur
1658 3601 1877 3649 Avienus
1902 3619 1913 3646 ι
1971 3602 2102 3648 Nam
2152 3604 2319 3663 quanti
2373 3600 2557 3646 lumina

559 3672 692 3713 astra
728 3667 850 3715 Esse
885 3669 1048 3725 solent,
1086 3671 1236 3715 aciem
1269 3666 1437 3728 quibus
1479 3682 1624 3713 aurea
1660 3666 1773 3712 luna
1807 3667 2031 3712 retundit.
2100 3666 2331 3713 Marc-ida
2352 3666 2555 3723 lani-qen·

560 3737 744 3779 tantam
764 3749 812 3779 se
819 3734 989 3793 forma
1009 3732 1095 3780 sub
1116 3748 1260 3779 auras
1283 3734 1464 3787 Ετονὶε,
1504 3734 1557 3777 in
1578 3734 1705 3777 tenui
1742 3746 2016 3793 quanquam
2046 3731 2311 3792 primordia
2348 3727 2557 3775 Pha-ben

564 3794 656 3843 Ore
677 3796 897 3857 habeant,
921 3798 1196 3859 nullumque
1217 3796 1353 3843 decus
1374 3796 1460 3842 dea
1474 3796 1696 3857 proferat
1719 3810 1812 3841 ore.
1882 3796 2205 3843 Germanicus
2239 3795 2379 3841 aliter
2413 3792 2555 3839 intel-

559 3860 694 3909 lexit.
769 3864 965 3910 Putavit
993 3877 1203 3923 namque
1227 3864 1428 3907 Aratum
1453 3862 1626 3916 dicere,
1651 3860 1863 3906 Arietem
1884 3860 2156 3921 plenilunio
2178 3866 2369 3907 tantum
2393 3856 2555 3904 lucere

558 3940 655 3973 non
677 3941 834 3988 posse,
858 3943 972 3975 cum
995 3927 1213 3974 Avienus
1233 3926 1362 3972 idem
1384 3925 1436 3971 in
1453 3925 1703 3973 novilunio
1726 3940 1829 3971 esse
1852 3932 2045 3971 asserat.
2114 3924 2287 3986 Itaque
2309 3922 2432 3970 illud
2455 3918 2554 3977 οἶα,

560 4005 656 4037 non
681 3998 736 4037 ut
755 3992 975 4040 Avienus
997 3998 1045 4039 et
1065 3990 1372 4044 Scholiasta,
1408 4005 1494 4050 pro
1520 3989 1920 4052 quemadmodum,
1957 3990 2042 4036 sed
2068 4004 2153 4051 pro
2175 3995 2334 4050 utpote
2368 3986 2552 4048 cepisse

560 4054 1152 4104 videtur.—GR.-—SCH.
1289 4054 1478 4117 officiat
1503 4090 1514 4101 .
1544 4088 1557 4102 .
1583 4052 1755 4116 nitere]
1808 4053 2047 4115 AFPgsb.
2092 4055 2262 4114 (nitere
2299 4052 2381 4111 A.)
2436 4050 2480 4096 F
2468 4052 2553 4112 ffi-

560 4122 684 4167 ciat.
711 4153 723 4168 .
746 4123 916 4169 niteret
944 4120 1234 4170 EG.—0R.
