2992 4842
511 558 550 608 ii
1436 573 1593 610 sora

545 697 625 821 bg.
665 694 855 808 ᾏυέυε]
893 695 1001 748 ΔΒ.
1041 695 1142 759 (bic
1176 711 1206 745 a
1243 711 1340 746 sec.
1383 697 1473 758 m.)
1508 712 1761 762 s.—queve
1796 695 1856 746 B.
1879 711 1909 745 a
1929 711 2004 760 pr.
2042 711 2109 745 m.
2144 695 2249 746 ΕΡ.
2277 699 2519 762 (-quaeve

511 775 546 824 8
579 825 630 874 9.
669 823 846 888 Parta]
867 825 1365 889 BEGPgsb.—tanta
1386 829 1448 874 A.
1469 831 1520 874 et
1540 824 1611 874 sic
1634 841 1873 890 superscr.
1894 825 1948 873 in
1970 827 2218 875 B.—OR.

583 891 660 938 10.
693 890 804 938 Imo
823 905 937 938 vero
957 905 1106 939 naves
1127 891 1267 949 mari,
1300 897 1351 938 et
1369 891 1511 938 terris
1532 891 1799 939 cultorem:
1826 890 1961 938 Nota
1978 891 2151 952 figura.
2188 889 2343 953 Arva]
2372 891 2521 939 Arma

513 953 662 1004 habet
693 953 1088 1017 Manuscriptusz
1137 970 1256 1003 arva
1291 954 1494 1018 vulgati.
1562 956 1687 1003 Puto
1709 955 1973 1017 legendum
2002 962 2051 1002 et
2087 955 2519 1017 distinguendum:

515 1018 574 1066 Sa·
595 1033 692 1066 non
717 1027 864 1082 parta
884 1022 1035 1084 quies,
1068 1027 1114 1068 te
1129 1019 1340 1082 presule,
1367 1019 1609 1082 puppibus
1632 1035 1806 1082 equor,
1845 1019 2126 1082 Cultor-ique
2158 1020 2293 1068 daret
2326 1026 2480 1068 terras
2495 1017 2522 1066 3

507 1084 683 1145 procul
700 1098 818 1131 arva
834 1085 1037 1132 silerent.
1103 1084 1360 1146 Conjunge
1393 1083 1731 1146 praecedentia.
1809 1084 1993 1131 Sensus
2025 1091 2130 1131 est:
2168 1083 2301 1134 Quid
2322 1089 2523 1146 possent

515 1147 906 1210 (Manuscriptus
941 1148 1074 1196 enim
1095 1155 1300 1211 possent,
1334 1149 1635 1211 nonpossint
1654 1147 1822 1206 habet)
1856 1147 2179 1196 solstitiorum
2199 1156 2251 1197 et
2272 1149 2521 1210 aequinoc-

516 1213 700 1260 tiorum
735 1213 1052 1274 cognitiones,
1088 1213 1186 1260 nisi
1218 1227 1316 1275 pax
1349 1219 1398 1260 te
1433 1221 1602 1261 autore
1638 1213 1753 1261 data
1790 1213 2078 1260 concederet
2098 1213 2261 1260 nautis
2282 1228 2435 1271 mare,
2474 1219 2524 1260 et

518 1282 700 1324 terram
721 1276 906 1324 colonis
929 1283 1034 1325 tuto
1055 1277 1420 1340 usurpandam?
1491 1277 1619 1324 Sane
1640 1291 1753 1324 arva
1776 1276 2068 1340 squalerent.
2138 1277 2249 1324 Hoc
2282 1278 2416 1324 enim
2448 1283 2523 1324 est

517 1341 710 1388 siler-ent
729 1341 904 1404 poetis.
984 1342 1252 1404 Conjungit
1271 1349 1445 1389 nautas
1465 1347 1515 1389 et
1536 1341 1751 1398 colonos,
1780 1356 1989 1404 quorum
2010 1348 2330 1402 utrorumque
2354 1341 2525 1388 usibus

519 1405 724 1453 inservit
743 1405 1070 1454 Asu-onomia.
1137 1405 1270 1453 Hinc
1293 1405 1476 1453 Aratus
1498 1405 1667 1453 stellas
1688 1405 1809 1452 alias
1832 1405 1949 1452 facit
1970 1405 2208 1467 Neptuni,
2230 1405 2349 1452 alias
2371 1405 2403 1452 J
2406 1406 2525 1463 ovis,

520 1469 653 1532 quod
671 1484 760 1518 nos
783 1470 1148 1533 explicavimus.
1214 1469 1285 1518 Et
1303 1470 1554 1532 aptissime
1576 1471 1639 1517 ad
1652 1485 1755 1517 rem
1776 1470 2045 1532 conjungit,
2066 1470 2182 1530 quia
2198 1478 2311 1516 ante
2335 1473 2527 1531 Augus·

521 1539 633 1582 tum
667 1549 768 1582 non
803 1540 996 1583 tantum
1031 1540 1160 1581 terra
1193 1534 1432 1582 militibus
1455 1535 1746 1592 vastabatur,
1786 1535 1872 1582 sed
1906 1541 1956 1582 et
1993 1548 2127 1581 mare
2148 1534 2318 1596 piratis
2340 1535 2527 1582 obside-

521 1599 680 1646 batur.
731 1598 908 1647 Gnor.
959 1597 1188 1646 Veterem
1209 1598 1571 1646 distinctionem
1585 1598 1741 1646 nolim
1760 1597 1955 1646 mutari.
2022 1597 2154 1645 Nam
2177 1614 2239 1645 ex
2259 1598 2527 1646 delectibus

523 1662 864 1711 Romanorum
901 1677 990 1725 per
1023 1677 1076 1710 se
1110 1663 1228 1710 satis
1263 1663 1571 1726 intelligitur,
1612 1662 1825 1710 cultores
1856 1669 1999 1710 terrae
2030 1662 2242 1710 defuisse
2263 1663 2379 1710 belli
2401 1670 2526 1710 tem-

523 1727 751 1788 poribus:
801 1742 958 1789 neque
978 1726 1146 1789 procul
1179 1733 1386 1784 tantum,
1425 1728 1512 1774 sed
1546 1727 1857 1775 interioribus
1889 1727 2037 1774 etiam
2080 1727 2287 1774 Romani
2326 1726 2529 1788 Imperii

523 1790 818 1852 regionibus.
883 1791 1088 1839 Ovidius
1119 1791 1305 1839 Fastor.
1343 1791 1426 1839 lib.
1455 1791 1494 1838 i.
1536 1799 1656 1839 extr.
1722 1791 1865 1839 Bella
1896 1793 1981 1839 diu
2010 1796 2200 1838 tenuere
2232 1794 2391 1839 viros.-
2425 1797 2531 1838 erat

526 1857 688 1918 aptior
727 1859 850 1904 ensis
882 1855 1074 1903 Vama-e
1088 1871 1105 1902 .-
1157 1855 1347 1903 cedebat
1389 1861 1554 1904 taurus
1595 1861 1761 1904 arator
1803 1871 1936 1918 equo.
2022 1855 2229 1903 Sar-cula
2270 1855 2531 1912 cessabant,

526 1921 744 1982 versique
776 1924 830 1967 in
853 1921 964 1982 pila
995 1920 1172 1981 ligones
1185 1936 1202 1966 .·
1233 1919 1478 1982 Factaque
1500 1919 1559 1966 de
1580 1922 1727 1967 rastn·
1744 1920 1951 1981 pandere
1970 1922 2115 1967 cassis
2134 1927 2251 1968 erat.
2321 1917 2528 1980 Procul]

527 1982 581 2031 id
595 1991 684 2042 est,
694 1985 736 2032 si
743 1984 924 2032 milites
936 1999 998 2032 ue
1008 1984 1062 2030 in
1075 1984 1304 2032 extremis
1316 1984 1699 2046 quidemsmibus
1712 1984 1905 2046 imperii
1918 1984 2131 2032 Romani
2144 1985 2438 2046 quiscerent,
2447 1985 2534 2031 sed

527 2048 672 2096 bellis
701 2049 929 2111 impliciti
942 2048 1238 2097 solicitarent
1259 2055 1309 2097 et
1331 2047 2235 2111 solicitarentur.-SCH.—Arma]
2259 2048 2531 2110 ABEGgs.

527 2128 716 2160 —arva
737 2113 1052 2161 FPb.-0R.

605 2177 686 2223 11.
719 2177 863 2225 Nunc
882 2176 1044 2238 vacat]
1084 2177 1153 2224 ita
1189 2177 1300 2226 MS.
1334 2176 1552 2225 Pessime
1574 2176 1691 2224 editi
1714 2176 1856 2224 libri:
1894 2175 2041 2224 Nunc
2071 2182 2211 2224 vocat
2244 2177 2447 2224 audaces
2481 2178 2535 2224 in

539 2241 703 2289 coelum
733 2243 894 2290 tollere
929 2242 1100 2290 vultus.
1167 2242 1396 2289 Imitatur
1426 2241 1657 2298 Avienus,
1680 2256 1725 2289 v.
1750 2243 1833 2290 73.
1896 2243 2014 2289 Jam
2039 2243 2201 2304 placet
2228 2243 2282 2288 in
2314 2257 2536 2303 superum

533 2308 662 2353 visus
683 2307 922 2354 sustollere
942 2307 1120 2354 coelum.
1190 2306 1408 2368 Sequens
1439 2320 1609 2354 versus
1642 2305 1713 2352 ita
1743 2313 2007 2367 conceptus
2040 2307 2093 2352 in
2131 2305 2364 2366 vulgatis:
2402 2305 2535 2352 Side-

534 2384 681 2432 raque
710 2375 756 2417 et
791 2373 952 2417 varios
983 2371 1085 2417 coeli
1117 2385 1386 2432 coquoscere
1419 2376 1590 2417 motus.
1658 2371 1825 2419 VarIos
1860 2377 2014 2418 motus
2050 2369 2263 2432 appellat
2296 2372 2536 2417 coelorum

537 2441 589 2482 et
621 2433 863 2481 siderum:
913 2434 974 2481 de
1009 2434 1183 2496 quibus
1223 2434 1328 2497 ipse
1367 2433 1512 2480 alibi:
1553 2433 1777 2481 Omnibus
1812 2435 1890 2481 his
1914 2438 2095 2496 yemim‘
2126 2439 2297 2490 mtus,
2334 2449 2537 2496 quorum

536 2498 661 2545 alter
687 2495 748 2544 ab
781 2500 899 2559 ipsis
933 2497 1165 2546 Nascitur
1194 2504 1240 2545 et
1264 2501 1486 2560 proprios
1519 2499 1719 2546 ostendit
1749 2499 1908 2546 sidera
1937 2501 2082 2546 visus.
2156 2501 2289 2545 Tunc
2306 2499 2537 2545 mundum

536 2561 735 2610 subeunt
761 2563 886 2610 lento
899 2563 1018 2624 pede
1035 2580 1053 2610 .-
1082 2567 1292 2611 concitus
1309 2563 1433 2610 alter
1459 2561 1640 2610 invitos
1659 2565 1805 2624 rapit,
1838 2569 1883 2609 et
1906 2564 2011 2609 σοι-ιι·
2033 2565 2337 2610 circumi-etat
2358 2561 2536 2610 orbem.

541 2626 645 2673 Gn.
702 2624 939 2688 Audaces]
991 2627 1124 2678 Quia
1161 2628 1318 2675 sidera
1353 2626 1421 2673 dii
1457 2627 1774 2684 habebantur,
1818 2627 2018 2674 audacia
2051 2627 2276 2688 quaedam
2317 2633 2435 2686 erat,
2480 2641 2539 2674 ea

537 2691 778 2738 curiosius
805 2691 1005 2740 intueri.
1069 2691 1182 2739 vid.
1207 2691 1424 2738 Macrob.
1449 2691 1614 2738 Somn.
1637 2691 1768 2754 Scip.
1788 2691 1873 2738 lib.
1898 2691 1931 2738 i.
1954 2706 1998 2739 c.
2028 2692 2104 2738 14.
2171 2690 2407 2738 Martiani
2439 2691 2536 2737 Ca-

537 2754 682 2817 pellae
716 2755 800 2804 lib.
820 2756 872 2803 ii.
896 2756 957 2803 de
979 2762 1115 2819 nupt.
1141 2755 1318 2804 Philol.
1341 2770 1452 2818 pag.
1473 2757 1553 2804 38.
1639 2755 1782 2805 ovid.
1818 2755 1948 2803 Fast.
1971 2755 2056 2803 lib.
2078 2755 2147 2802 iii.
2173 2756 2281 2802 112.
2360 2753 2541 2816 Aynos-

540 2834 641 2866 cere
673 2820 850 2878 motus)
884 2821 1062 2884 quippe
1089 2821 1192 2882 jam
1228 2836 1258 2867 a
1289 2820 1532 2867 veteribus
1566 2817 1874 2882 Philosophis
1906 2818 2406 2881 descriptos.—SCH.

546 2882 694 2995 Vgcgt
714 2885 772 2933 P.
793 2885 981 2946 (contra
1001 2885 1124 2934 Cdd.
1145 2885 1322 2945 meos.)
1339 2885 1539 2933 audacis
1558 2883 1671 2932 ΔΕ.
1696 2883 1852 2947 (Ibid)
1871 2885 1935 2932 ad
1954 2882 2142 2946 coelum]
2178 2883 2400 2944 BEGgs.
2422 2885 2477 2930 in
2498 2899 2539 2931 c.

611 3013 687 3059 12.
720 3012 904 3060 Mundi
926 3012 1107 3076 varios]
1133 3012 1390 3074 ABEGgs.
1426 3015 1584 3061 varios
1605 3013 1707 3060 coeli
1726 3013 1944 3060 b.—om.
1979 3012 2145 3060 mundi
2167 3011 2229 3060 P.
2245 3009 2417 3072 (Ibid.)
2438 3025 2541 3074 coy-

540 3075 750 3140 noscere]
776 3077 957 3125 AFPb.
990 3093 1238 3140 aqnoscere
1261 3077 1659 3138 BEGgs.—OR.

612 3142 686 3189 13.
723 3141 847 3189 Haec
882 3141 952 3188 ita
982 3142 1036 3189 in
1072 3141 1282 3204 vulgatis
1295 3142 1494 3203 z—quid
1514 3141 1675 3188 doctus
1694 3144 1811 3188 vitet
1830 3147 2011 3188 arator.
2084 3139 2189 3188 Nos
2220 3139 2541 3200 manuscripti

541 3204 802 3252 lectionem
837 3206 1103 3268 sequimur.
1181 3204 1865 3254 Gnor.—SCH.——Seitus
1902 3202 2063 3267 υἱιω]ὲ
2087 3203 2393 3266 ABEGgsb.
2426 3206 2543 3252 vitet

543 3270 706 3316 doctus
727 3270 1004 3318 FP.-0R.

613 3335 688 3380 14.
725 3333 914 3380 Plinius
935 3334 1074 3381 xviii.
1107 3348 1148 3381 c.
1185 3335 1266 3381 24.
1303 3347 1456 3394 quum
1494 3333 1554 3380 de
1591 3340 1808 3380 semente
1842 3332 2037 3380 locutus
2066 3338 2213 3388 esset,
2247 3332 2433 3394 pergit:
2468 3329 2545 3377 Et

544 3398 861 3458 confitendum
895 3402 978 3454 est,
1015 3399 1126 3445 coelo
1159 3401 1365 3444 maxime
1397 3405 1609 3446 constare
1641 3413 1697 3444 ea
1713 3414 1729 3444 :
1764 3399 1933 3459 quippe
1972 3396 2167 3458 Virgilio
2188 3395 2388 3458 jubente
2417 3411 2541 3457 prae-

545 3461 666 3508 disci
691 3469 850 3509 ventos
873 3467 982 3509 ante
1004 3464 1162 3508 omnia
1195 3477 1252 3508 ac
1283 3462 1440 3510 sidera
1469 3468 1638 3516 motus,
1671 3476 1822 3522 neque
1854 3463 1995 3508 aliter
2028 3475 2172 3524 quam
2204 3459 2546 3521 naviyantibm

545 3528 739 3575 servari.
804 3526 1038 3586 Virgilius
1073 3526 1250 3587 Georg.
1285 3527 1319 3572 i.
1358 3541 1404 3573 v.
1428 3527 1542 3574 204.
1606 3524 1845 3572 Praeterea
1880 3530 1979 3572 tam
2012 3530 2121 3572 sunt
2156 3524 2351 3572 Arcturi
2386 3524 2545 3570 sidera

544 3590 682 3638 nobis
715 3591 1060 3653 Haedorumque
1097 3591 1194 3638 dies
1227 3591 1464 3646 servandi,
1504 3605 1561 3638 ae
1596 3589 1779 3636 lucidus
1819 3588 2007 3650 Anquis
2022 3606 2041 3646 ‚-
2096 3587 2252 3644 Quam
2288 3587 2456 3650 quibus
2492 3590 2547 3633 in

539 3659 757 3716 patriam
789 3662 978 3703 ventosa
1007 3670 1098 3717 per
1135 3670 1322 3717 <equora
1363 3657 1508 3702 vectis
1539 3653 1725 3701 Pontus
1767 3661 1813 3701 et
1850 3653 2058 3712 ostriferi
2081 3653 2259 3713 fauces
2300 3657 2546 3698 tentantur

546 3718 620 3767 Ab
654 3719 937 3768 di.—SCH.

617 3735 695 3831 {15-
730 3783 808 3830 Ita
839 3781 1038 3846 vulgati.
1079 3781 1191 3830 MS.
1226 3783 1351 3830 latis.
1387 3783 1524 3843 Lego
1557 3781 1728 3829 Latiis.
1762 3780 1888 3828 nihil
1909 3781 2083 3828 verius.
2156 3779 2310 3842 Goyor
2330 3779 2462 3842 quod
2493 3778 2547 3824 in

549 3847 692 3895 editis
711 3847 906 3909 legitur,
928 3847 1112 3894 nullius
1133 3858 1207 3893 est
1226 3847 1384 3908 pretii.
1456 3847 1628 3893 Gne-r.
1696 3846 1954 3895 Quomodo
1976 3844 2213 3908 particula
2240 3844 2357 3891 Haec
2379 3844 2546 3891 locum

549 3912 630 3959 hic
653 3912 868 3959 invenire
891 3917 1048 3974 queat,
1083 3911 1222 3958 docet
1241 3910 1550 3958 Tursellinus
1571 3917 1736 3958 noster
1756 3925 1861 3972 cap.
1886 3909 1965 3966 77,
1989 3925 2041 3957 n.
2066 3909 2142 3964 17,
2166 3923 2214 3970 p.
2239 3909 2354 3956 419.
2402 3908 2545 3954 Laetis

550 3983 624 4024 est
632 3975 926 4035 finventibns,
959 3991 1073 4022 nam
1095 3982 1144 4022 et
1163 3989 1278 4022 mox
1301 3990 1486 4022 numen
1508 3982 1584 4022 est
1603 3975 1737 4022 favor
1757 3977 2027 4022 Musarum.
2096 3973 2209 4020 Nisi
2233 3973 2355 4020 forte
2374 3986 2547 4019 nomen

549 4040 618 4088 ibi
645 4040 744 4103 legi
765 4040 923 4099 malis,
957 4039 1086 4101 quod
1113 4053 1210 4087 non
1234 4039 1585 4100 puto.-SCH.
1719 4037 1899 4100 Latiis]
1936 4038 2001 4087 A.
2034 4037 2233 4086 firmans
2255 4053 2301 4099 g.
2328 4036 2456 4098 conj.
2492 4037 2537 4084 b.

2950 3345 2987 3626 ,fibi—m
2984 3163 2987 3276 -—

2947 4357 2987 4589 ᾸΑΑ.
2946 4191 2987 4334 ..Δ
