2992 4842
1028 568 1100 603 AD
1126 568 1483 603 rull-:nominis
1509 566 1745 601 Anum.
2314 551 2385 601 liii

451 696 564 744 451.
601 692 850 743 Praedia-tis
887 699 996 741 ante
1030 693 1256 757 minores]
1291 694 1341 742 id
1379 700 1468 752 est,
1506 693 1701 757 tropicis
1734 698 1783 741 et
1817 691 2040 755 ecliptica
2068 696 2117 739 et
2144 698 2385 753 aequatore

385 761 597 808 minores
621 759 827 807 arcticus
851 766 996 821 atque
1016 760 1324 807 antarcticus.
1393 759 1500 807 Hos
1520 766 1696 821 praeter
1714 758 1983 807 Zodiacum
2001 772 2169 804 omnes
2190 757 2387 806 Servius

387 826 448 873 ad
485 825 716 887 Georgic.
739 824 782 871 Ι.
805 838 850 871 v·
877 826 970 871 233
994 824 1250 885 parallelos
1274 831 1414 871 vocat
1436 822 1881 885 septentrionalem,
1916 822 2200 879 aestivalem,
2238 824 2387 885 aequi·

385 890 662 947 noctialem,
685 889 973 945 brumalem,
997 885 1490 938 australem.-SCH.
1631 888 1853 937 Totidem
1867 885 2080 949 rursum]
2106 886 2165 935 de
2186 902 2235 949 g.
2256 890 2385 953 conj.

387 956 457 1002 sb.
481 956 671 1002 totidem
692 956 820 1002 inter
841 968 889 1001 sc
916 953 1344 1015 ABEGg.-0R.

454 1020 568 1067 452.
606 1020 681 1067 Hi
703 1034 896 1081 semper,
919 1016 1023 1079 cm]
1062 1018 1257 1065 Polares
1295 1032 1549 1079 nunquam
1582 1018 1709 1064 inter
1744 1032 1795 1065 se
1832 1032 1923 1064 nec
1956 1015 2076 1063 alios
2110 1015 2386 1077 attingunt:

388 1098 544 1145 quum
580 1083 836 1145 parallelos
873 1090 922 1130 et
961 1088 1256 1145 aequatorem
1296 1082 1519 1144 ecliptica
1552 1081 2039 1143 conjungat.-·-SCH.
2177 1080 2291 1131 Hiis
2322 1083 2385 1132 A.

387 1148 560 1209 (Ibid.)
581 1146 783 1210 distant]
808 1148 918 1195 AB.
952 1148 1030 1209 (ut
1051 1146 1241 1195 volebat
1258 1148 1328 1210 g.)
1361 1148 1429 1195 sb.
1463 1148 1647 1195 dictant
1664 1146 1811 1209 EGg.
1845 1144 2021 1208 (Ibid.)
2055 1144 2188 1207 illos]
2216 1148 2386 1197 ΑΕΘ-

388 1213 492 1275 gsb.
527 1214 626 1261 illis
648 1213 888 1260 B.—OR.

454 1279 566 1325 453.
606 1276 740 1339 Qua]
762 1276 1014 1337 BEGgsb.
1047 1290 1148 1337 quoe
1170 1275 1418 1324 A.—0R.

455 1344 571 1391 454.
609 1342 732 1404 Qui]
759 1342 821 1389 A.
855 1344 962 1403 quis
987 1340 1299 1388 Cett.—OR.

455 1408 569 1453 455.
601 1406 867 1455 Dissimilis
901 1404 1108 1467 cunctis]
1153 1406 1395 1453 Convenit
1429 1410 1593 1453 tamen
1614 1404 1665 1451 in
1690 1403 1933 1466 aliquibus
1956 1422 2069 1455 cum
2103 1407 2387 1455 Horizonte.

393 1470 542 1521 Quod
563 1471 723 1519 visum
745 1480 820 1518 est
854 1470 1142 1517 Manethoni
1177 1470 1479 1533 Apotelesm.
1502 1470 1587 1517 lib.
1610 1470 1685 1517 ΙΙ.
1710 1485 1754 1517 v.
1775 1471 1853 1528 51,
1878 1474 1955 1528 52,
1980 1474 2057 1529 53,
2080 1474 2158 1520 54.
2226 1472 2387 1520 Dissi-

392 1535 526 1583 milis
564 1544 727 1583 autem
759 1535 949 1593 dicitur,
983 1535 1112 1596 quod
1146 1534 1321 1597 reliqui
1360 1534 1459 1583 fere
1499 1532 1757 1589 ἀπλατεῖς
1792 1544 1841 1582 et
1860 1544 2023 1584 mente
2046 1536 2389 1599 intelliguntur

392 1601 746 1658 tantummodo,
781 1600 862 1648 hic
899 1600 1114 1647 cernitur
1146 1606 1196 1647 et
1234 1600 1476 1661 spatiosus
1511 1608 1599 1648 est.
1669 1599 1746 1646 Ita
1768 1600 1969 1648 Proclus
1990 1602 2049 1648 de
2072 1602 2247 1664 sphaer.
2271 1618 2314 1649 c.
2340 1604 2389 1649 2.

393 1664 614 1713 Macrob.
651 1666 822 1713 Somn.
861 1664 988 1727 Scip.
1011 1664 1094 1711 lib.
1119 1664 1166 1713 Ι.
1189 1680 1232 1712 0.
1261 1666 1334 1712 15.
1403 1665 1593 1726 Capell.
1617 1664 1675 1711 de
1699 1672 1836 1726 nupt.
1874 1666 2053 1715 Philol.
2073 1682 2186 1729 pag.
2209 1667 2388 1717 277.—

394 1730 544 1779 SCH.
683 1730 944 1777 Dissimilis
981 1732 1173 1791 quintus
1209 1727 1236 1790 (
1235 1729 1454 1791 proprie:
1491 1727 1753 1791 quinctus)]
1795 1729 1858 1777 A.
1906 1731 2177 1780 Dissae‘milis
2208 1735 2389 1780 cum-tis

395 1794 599 1855 EGgsb.
641 1794 907 1843 Dissimiks
927 1796 1105 1841 cunctis
1129 1794 1186 1841 Β.
1219 1796 1440 1841 videntur
1458 1794 1703 1842 B.—0R‚.

459 1860 574 1906 456.
607 1858 824 1907 Sine-eros
857 1862 1039 1907 eminus
1074 1856 1228 1921 ignes]
1269 1859 1412 1906 ovid.
1449 1858 1654 1907 Metam.
1680 1858 1721 1906 Ι.
1747 1873 1791 1906 v,
1820 1858 1927 1915 168,
1964 1858 2057 1907 Est
2076 1862 2155 1907 via
2174 1860 2395 1908 sublimis

393 1924 508 1972 coelo
538 1926 791 1985 manifesta
825 1939 1004 1983 serene,
1041 1926 1214 1971 Lactea
1235 1938 1402 1971 nomen
1424 1922 1580 1981 habet,
1617 1924 1818 1970 candore
1837 1924 2061 1973 notabitis
2082 1927 2197 1987 ipso·
2280 1926 2391 1973 Hae

393 1990 487 2037 iter
519 1995 588 2036 est
620 1993 800 2052 superis
837 1988 1097 2053 adbmaqni
1131 1994 1251 2037 tecta
1293 1987 1760 2036 Tonantis.—-SCH.
1896 1988 2059 2037 Sidere
2085 1990 2141 2036 B.
2178 1992 2306 2052 iynis
2328 1989 2391 2037 A.

459 2118 571 2167 457.
611 2116 790 2165 Mediis
809 2124 864 2165 ut
883 2114 1030 2179 lucet]
1057 2116 1248 2173 Malim,
1271 2123 1316 2164 et
1339 2118 1474 2163 lucet.
1546 2116 2153 2166 Gn.—-SCH.—-Lactis
2173 2121 2217 2165 ei
2236 2117 2388 2182 color]

397 2182 647 2243 BEGgsb.
680 2182 844 2231 Laetis
863 2188 908 2229 et
929 2182 1059 2229 calor
1078 2182 1187 2242 (sic)
1212 2182 1276 2229 A.
1310 2180 1486 2244 (Ibid.)
1522 2188 1568 2229 et
1587 2182 1753 2229 mediis
1776 2183 1857 2229 via
1872 2180 2015 2244 lucet]
2041 2183 2107 2230 A.
2126 2188 2207 2242 est,
2228 2184 2393 2233 mediis

396 2247 595 2307 (medius
617 2247 704 2306 E.)
733 2254 790 2294 ut
809 2248 932 2295 lucet
956 2246 1147 2309 BEGg.
1181 2252 1262 2303 est,
1282 2246 1452 2294 mediis
1469 2252 1515 2293 et
1536 2246 1658 2293 lucet
1680 2246 1738 2293 de
1760 2262 1808 2309 g.
1830 2246 1962 2307 conj.
1984 2247 2239 2295 sb.—OR.

462 2312 577 2359 458.
612 2310 812 2360 lacteus
844 2312 922 2359 hic
957 2309 1106 2373 orbis]
1155 2311 1454 2359 Claudianus
1492 2310 1551 2358 de
1588 2310 1635 2357 V
1675 2310 1882 2359 Honorii
1926 2310 2131 2361 Consul.
2164 2313 2393 2361 circulum

399 2376 634 2437 appellat:
676 2376 916 2440 Cycnique
947 2376 1124 2423 sodalis
1161 2379 1360 2423 Lacteus
1379 2381 1591 2423 extentas
1611 2380 1817 2439 aspergit
1839 2376 2043 2424 circulus
2062 2378 2181 2427 alas.
2269 2378 2290 2424 1
2294 2384 2393 2425 tem

401 2440 594 2489 Plinius
614 2439 819 2489 XVIII.
840 2457 883 2490 c.
911 2441 991 2488 29.
1056 2440 1152 2488 Est
1175 2445 1404 2503 praeterea
1425 2444 1480 2488 in
1500 2442 1612 2488 coelo
1634 2442 1716 2503 qui
1736 2447 1934 2489 vocatur
1965 2442 2141 2489 lacteus
2173 2443 2393 2500 circulus,

401 2507 548 2553 etiam
565 2507 670 2553 visu
683 2506 870 2567 facilis.
935 2505 1044 2568 Ipse
1081 2506 1286 2553 circulus
1306 2507 1474 2565 fertur
1503 2520 1592 2567 per
1626 2504 1940 2568 Sagittarium
1970 2513 2111 2569 atque
2155 2508 2393 2564 Geminos,

402 2570 516 2616 solis
535 2576 692 2617 centro
711 2571 782 2618 bis
804 2570 1175 2634 aequinoctialem
1195 2571 1422 2618 circulum
1439 2584 1615 2628 secans,
1637 2573 1965 2618 commissuras
1984 2585 2144 2619 eorum
2162 2571 2396 2619 obtinente

401 2632 513 2682 hinc
529 2633 723 2697 Aquila,
744 2634 1148 2683 illinccanicula.
1213 2634 1335 2682 Add.
1361 2634 1671 2683 Eratosthen.
1696 2636 1880 2683 Catast.
1901 2650 2003 2697 cap.
2024 2637 2104 2695 44,
2124 2642 2172 2684 et
2190 2636 2395 2684 Proclus

405 2698 463 2745 de
488 2700 660 2761 sphaer.
683 2716 726 2749 c.
749 2702 825 2748 13.
890 2700 985 2747 Sed
1007 2699 1176 2747 Cicero
1198 2700 1326 2761 apud
1349 2699 1656 2747 Macrobium
1678 2700 1731 2747 in
1753 2702 1919 2747 Somn.
1946 2700 2075 2762 Scip.
2098 2700 2185 2749 lib.
2212 2700 2256 2747 Ι.
2280 2716 2322 2748 0.
2347 2701 2393 2749 4.

403 2762 572 2811 itidem
607 2765 774 2811 orbem
803 2764 1015 2812 lacteum
1047 2764 1276 2825 appellat.
1343 2763 1470 2812 Add.
1493 2764 1733 2825 Ejusdem
1757 2764 1841 2811 lib.
1864 2763 1907 2811 Ι.
1930 2779 1971 2811 0.
1998 2766 2059 2812 14
2076 2773 2127 2812 et
2145 2767 2205 2813 15
2228 2768 2397 2813 Somn.

404 2828 534 2890 Scip.
607 2830 755 2877 Nullo
787 2827 965 2891 minus]
1007 2836 1125 2891 puto
1159 2828 1453 2890 legendumt
1489 2832 1689 2877 Lacteus
1719 2830 1799 2877 hic
1820 2828 1945 2876 orbis
1962 2830 2094 2877 'tullo
2116 2832 2273 2877 minor
2290 2830 2399 2877 orbe

401 2899 604 2941 rotatur.
671 2894 765 2942 Sed
787 2894 901 2957 quia
920 2895 974 2941 in
999 2894 1148 2941 Arato
1169 2908 1268 2941 non
1290 2900 1366 2941 est
1384 2894 1492 2951 hoc,
1528 2903 1646 2957 puto
1668 2909 1863 2941 versum
1882 2908 1987 2941 esse
2012 2893 2395 2955 supposititium,

404 2964 452 3005 et
489 2973 550 3005 ex
585 2958 671 3005 illo
705 2974 854 3021 quem
887 2958 1014 3005 infra
1041 2958 1206 3016 habes,
1244 2960 1348 3005 Hos
1367 2961 1492 3005 inter
1510 2959 1691 3006 medius
1708 2959 1836 3006 nullo
1859 2960 2013 3006 minor
2035 2958 2163 3006 orbis
2182 2958 2396 3017 habetur,

405 3023 761 3085 quodammodo
793 3023 1148 3071 adumbratum.
1219 3022 1443 3085 Itemque
1466 3038 1526 3071 ex
1545 3022 1631 3072 illo
1652 3023 1899 3071 Ciceronis
1920 3024 2030 3071 493.
2096 3022 2299 3071 Lacteus
2319 3024 2398 3072 hic

405 3089 557 3135 nimio
561 3088 762 3151 fulgens
782 3088 986 3137 candore
1003 3093 1205 3135 rotatur.
1273 3087 1879 3135 Gn.—-SCH.--—Nullo
1898 3085 2077 3150 minor]
2102 3088 2165 3136 A.
2197 3088 2397 3138 firmans

405 3167 452 3213 g.
473 3154 603 3215 conj.
619 3156 690 3199 sb.
726 3152 858 3201 mallo
868 3155 1026 3201 minus
1049 3152 1242 3213 BEGg.
1262 3150 1434 3213 (Ibid.)
1454 3150 1667 3215 rotatur]
1686 3152 1933 3215 BEGgsb.
1967 3158 2128 3201 rotatu
2147 3153 2395 3202 A.—0R.

471 3218 587 3265 459.
620 3217 818 3265 Omittit
836 3217 926 3264 hos
947 3223 1044 3264 tres
1067 3232 1144 3264 vv.
1167 3216 1395 3264 459-461.
1419 3215 1664 3265 A.—0R.

471 3283 584 3330 461.
622 3280 715 3330 Ter
731 3285 940 3344 qeminos
959 3284 1110 3331 cum-it
1125 3297 1188 3330 m.
1215 3280 1316 3343 ἀεκ]
1350 3280 1535 3329 Versus
1556 3282 1637 3329 hic
1657 3281 1871 3343 plurimi,
1892 3281 1992 3329 imo
2015 3282 2115 3331 fere
2136 3296 2323 3343 omnes,
2345 3282 2399 3331 in

407 3346 584 3407 quibus
623 3346 779 3395 sidera
820 3347 1170 3404 describuntur,
1213 3361 1323 3409 quae
1361 3348 1602 3408 tropicum
1646 3346 1821 3394 Cancri
1862 3347 2122 3409 attingunt,
2168 3348 2397 3410 corrupti,

405 3411 633 3468 mutilati,
667 3411 962 3473 transpositi,
997 3411 1202 3473 aliisque
1239 3410 1558 3473 supposititiis
1578 3410 1870 3473 interpolati,
1896 3412 2015 3459 adeo
2036 3419 2092 3459 ut
2112 3428 2227 3460 cum
2244 3412 2398 3461 Arato

404 3472 505 3523 illis
525 3476 649 3523 nihil
670 3476 954 3524 conveniat:
991 3491 1138 3538 quare
1157 3476 1355 3524 resectis
1387 3475 1448 3523 iis
1481 3490 1593 3538 quae
1632 3476 1876 3540 superflua
1908 3475 2014 3524 visa
2054 3485 2183 3536 sunt,
2224 3478 2399 3525 additis

405 3541 574 3602 paucis
595 3556 704 3603 quae
725 3540 1024 3597 neccssaria;
1059 3540 1364 3603 transpositis
1383 3540 1435 3587 in
1458 3555 1605 3588 suum
1624 3540 1791 3589 locum
1812 3556 1921 3603 quae
1944 3540 2141 3598 dissita;
2177 3543 2397 3600 mutatis,

405 3618 516 3667 quae
536 3605 668 3653 mala
701 3605 807 3653 visa
835 3612 968 3665 sunt,
1001 3605 1129 3653 hanc
1161 3604 1466 3653 tralationem
1489 3620 1551 3653 ex
1569 3605 1847 3667 conjectura
1879 3606 2293 3665 concinnavimus,
2329 3607 2399 3655 ita

405 3678 572 3717 tamen
585 3676 642 3718 ut
656 3685 897 3732 nusquam
918 3669 1124 3718 nimium
1143 3685 1173 3717 a
1189 3670 1398 3718 lectione
1427 3669 1783 3718 discederemus
1804 3687 1816 3717 ε
1846 3668 1947 3718 Per
1970 3670 2275 3719 Geminorum
2308 3670 2397 3719 hu-

404 3746 558 3782 meros
570 3737 938 3798 currit,vestiyia
953 3737 1105 3797 tanqu
1120 3736 1321 3797 Amiqae,
1335 3735 1642 3797 plantamque
1660 3738 1778 3799 teqit
1793 3732 2024 3782 Perseida
2037 3736 2215 3792 levam,
2228 3737 2399 3783 Τναπε-

403 3812 544 3847 versae
561 3798 872 3849 Andromede
889 3804 1016 3847 secat
1029 3805 1076 3847 et
1091 3800 1243 3847 latera
1261 3807 1458 3861 utraque
1479 3805 1625 3858 lactu,
1640 3798 1691 3847 E
1693 3806 1712 3847 t
1732 3805 1880 3848 totam
1890 3796 2061 3861 absque
2078 3798 2273 3847 humero
2294 3800 2400 3848 dex-

406 3868 532 3911 tram
548 3880 565 3911 .-
597 3868 696 3911 tum
716 3864 949 3913 candidus
965 3880 1055 3913 oroe
1084 3864 1272 3928 Cygnus
1292 3864 1447 3921 habet,
1469 3868 1737 3927 pariterque
1744 3866 1851 3925 feri
1869 3865 2081 3925 pemicia
2100 3879 2255 3913 crura.
2290 3864 2403 3912 Hac

407 3926 640 3989 Ophiuchi
655 3928 873 3978 humeros
889 3935 1044 3977 vastos
1048 3931 1244 3993 ficlyere
1263 3928 1464 3977 notabis.
1520 3928 1711 3993 Effuqit
1728 3935 1783 3975 at
1798 3928 1942 3991 Virqo
1956 3942 1972 3973 .·
2004 3932 2127 3976 totus
2143 3928 2255 3987 Leo,
2276 3936 2400 3977 totus

402 3994 458 4039 in
478 3995 580 4054 ipso
617 3992 826 4041 Cancer.-
859 3993 920 4043 ab
942 3997 1120 4043 aversis
1157 4010 1336 4043 omnem
1357 3999 1482 4041 secat
1503 3994 1587 4041 ille
1609 3994 1814 4041 Leonem
1853 3992 2101 4054 Clau-ibus,
2140 3992 2401 4057 hir-satique

388 4054 563 4119 jubam
583 4070 669 4118 per
687 4060 886 4119 pectoris
909 4062 1020 4108 exit.
1077 4060 1264 4109 Cancro
1281 4058 1563 4121 quificlyent
1578 4059 1701 4107 oculi
1716 4060 1843 4106 inter
1862 4058 2024 4121 regula
2046 4060 2208 4108 currit.
2257 4059 2401 4107 Hunc
