2992 4842
1026 537 1097 575 sn
1123 539 1494 576 rnonuosncs
1518 541 1751 577 sna-rm.
2270 530 2405 580 lxxxi

427 665 605 728 Georg.
627 664 752 717 3712
785 663 1008 728 Eurique
1042 664 1350 729 Zephyrique
1385 671 1520 714 tonat
1554 667 1731 714 domnas.
1798 665 1858 715 V.
1884 667 1961 724 29,
1994 665 2121 714 idem
2142 665 2405 730 legendum

422 733 623 794 putabat
637 749 651 778 ε
687 731 783 778 His
805 730 930 777 idem
949 731 1096 778 lentos
1117 729 1282 778 Pisces
1300 746 1406 778 cum
1427 733 1678 794 supprimit
1695 733 1835 794 iynis.
1900 731 2067 779 Priora
2088 732 2219 780 enim
2240 734 2403 782 omnia

423 796 624 844 zodiaci
665 795 822 843 sidera
857 801 1219 852 memoraverat,
1261 795 1314 842 in
1347 810 1456 857 quae
1495 796 1694 858 aliquod
1729 795 1908 844 Martio
1948 796 2093 844 sideri
2126 797 2401 860 imperium.

423 861 596 908 Lentos
633 867 797 908 autem
832 859 971 920 dixit,
1007 861 1136 922 quia,
1177 867 1233 907 ut
1265 860 1333 908 ait
1369 861 1691 909 Germanicus
1722 861 1773 908 in
1816 861 2169 918 Phaenomenis,
2206 878 2255 910 v.
2277 865 2401 910 243:

421 926 539 974 Non
557 927 658 974 illis
677 925 794 974 tiber
813 939 989 985 cursus,
1017 926 1098 972 sed
1121 925 1307 972 vincula
1325 926 1478 973 cauda
1513 927 1711 986 Singula
1743 932 1988 989 utrumque
2010 933 2164 975 tenent
2182 942 2277 975 uno
2298 929 2402 975 coii-

421 993 560 1038 untia
591 990 732 1038 nodo.
800 989 944 1039 Quod
977 996 1110 1052 patet
1130 1005 1190 1036 ex
1213 989 1379 1048 Icone,
1413 1005 1523 1052 pag.
1549 992 1627 1049 39,
1663 991 1739 1039 ed.
1763 991 1901 1039 Grot.
1924 1006 2023 1053 seq.
2057 1007 2197 1039 versu
2232 992 2405 1040 tenebit

421 1055 730 1102 scribendum
769 1069 856 1116 pro
900 1053 1100 1111 tenebat,
1141 1061 1192 1103 et
1221 1070 1266 1102 v.
1289 1056 1368 1110 33,
1401 1059 1617 1103 steterint
1655 1070 1741 1118 pro
1782 1056 2404 1105 neema—BURR—

424 1120 706 1182 Geminique
723 1135 771 1182 p.
820 1117 996 1182 (Ibid.)
1030 1119 1218 1167 domum
1244 1118 1388 1168 Helv.
1423 1135 1532 1166 acre
1550 1120 1723 1168 Leonis
1743 1120 2014 1169 Bu.—OR.

486 1187 564 1232 25.
599 1184 752 1246 Sydus
770 1199 818 1246 p.
849 1191 1040 1246 oequatae
1060 1199 1108 1246 p.
1145 1183 1312 1232 chaetae
1330 1184 1566 1246 p.—OR.

482 1249 564 1297 26.
600 1249 698 1296 Hic
718 1265 762 1296 v.
785 1249 836 1295 in
859 1249 952 1296 ed.
973 1249 1034 1296 A.
1059 1249 1334 1311 geminatus
1355 1264 1382 1296 e
1403 1248 1641 1312 praeeedd.
1662 1247 1849 1298 duobus
1870 1249 2005 1298 abest
2026 1265 2056 1298 a
2074 1249 2301 1314 p.-0R.

484 1313 565 1365 27.
597 1313 756 1362 Fusor
777 1312 1054 1362 Bu.—0R.

483 1381 562 1426 28.
596 1376 820 1440 Siccatis]
852 1392 899 1441 p.
931 1377 1105 1440 (Ibid.)
1134 1377 1319 1426 nebulis
1338 1377 1633 1427 hebetabitur
1651 1377 1883 1441 p.-0R.

485 1445 567 1493 29.
602 1442 870 1505 Pracipites
891 1442 1138 1506 ayitabunt
1156 1443 1384 1506 p.-0R.

481 1509 564 1556 30.
596 1507 864 1570 Supprimit
874 1523 922 1570 p.
945 1508 1038 1554 His
1049 1507 1174 1555 idem
1185 1509 1327 1556 lentos
1342 1507 1505 1556 Pisces
1516 1523 1661 1570 quum
1673 1510 1923 1570 supprimit
1935 1509 2059 1570 iynis
2075 1506 2401 1557 Helm—on.

481 1575 561 1622 31.
593 1573 796 1636 Vetliqer
825 1578 871 1619 et
903 1587 950 1635 p.
982 1573 1180 1620 statione
1201 1589 1248 1636 p.
1280 1573 1464 1622 tenebat
1504 1573 1650 1620 etiam
1674 1587 1721 1635 p.
1758 1572 1931 1621 tenebit
1964 1572 2057 1620 Bu.
2081 1579 2137 1620 ut
2157 1572 2224 1622 A.
2255 1590 2285 1622 a
2306 1588 2401 1622 sec.

415 1638 664 1686 m.-0R..

481 1705 560 1750 32.
602 1702 742 1750 Tune
759 1717 810 1764 p.
843 1705 1022 1750 tonitru
1042 1717 1090 1764 p.
1120 1701 1264 1751 ather
1283 1701 1509 1764 p.-0R..

483 1769 563 1815 33.
596 1765 796 1815 Nimbos
815 1782 864 1829 p.
896 1766 1040 1814 nubes
1061 1767 1289 1829 p.·-·-OR.

481 1834 562 1880 34.
594 1831 821 1880 Stetevint
857 1832 953 1880 Bu.
986 1833 1072 1880 sed
1105 1830 1367 1894 requiritur
1399 1833 1562 1893 potius
1600 1830 1807 1891 scidetit,
1840 1837 1895 1878 ut
1914 1837 1989 1880 est
2019 1831 2398 1892 Phaenomenon,

416 1911 463 1944 v.
477 1897 654 1944 423.—
662 1897 772 1945 OB..
1500 1929 1507 1936 ·

480 1963 559 2010 35.
593 1961 828 2028 Effundet
847 1966 968 2009 totas
985 1960 1236 2009 violentior
1253 1958 1284 1988 '¹'
1305 1965 1496 2009 viuniine
1530 1958 1675 2023 vires]
1714 1959 1824 2009 Nic.
1849 1960 2083 2008 Heinsius
2103 1961 2155 2008 in
2178 1961 2397 2024 margine

413 2028 676 2090 apographi
713 2027 982 2088 eonjeceret
1014 2028 1216 2074 violento
1253 2041 1512 2085 mur-unare,
1546 2025 1624 2073 vel
1658 2025 1857 2082 turbine,
1896 2027 2025 2089 quod
2056 2026 2249 2085 melius,
2282 2026 2397 2089 quia

412 2107 660 2140 murmura
689 2093 842 2139 Tauri
859 2107 975 2140 mox
995 2097 1277 2153 sequuntur.
1343 2091 1438 2138 Sed
1457 2090 1751 2138 retineamus
1772 2092 2032 2148 violentior,
2066 2099 2113 2139 et
2134 2107 2247 2138 eum
2269 2091 2300 2138 J
2302 2107 2395 2139 ano

415 2155 646 2204 Helvetio
687 2156 849 2220 potius
889 2157 1140 2218 legamus:
1177 2155 1406 2220 Effundet
1445 2161 1567 2203 totas
1606 2155 1856 2204 violentior
1893 2159 2079 2217 aqmine
2118 2159 2257 2206 vires.
2324 2156 2397 2205 Ut

413 2221 690 2270 immensum
723 2237 890 2284 aymen
925 2236 1160 2284 aquarum
1180 2220 1385 2281 Virgilio
1409 2220 1454 2268 Ι.
1489 2221 1668 2282 Georg.
1694 2223 1819 2268 322:
1855 2220 1987 2283 Soepe
2022 2223 2165 2270 etiam
2200 2223 2395 2270 immen-

411 2301 516 2334 sum
535 2287 648 2334 coelo
669 2289 798 2334 venit
815 2301 982 2348 aqmen
1001 2301 1249 2348 aquarum,
1273 2288 1338 2333 Et
1346 2286 1531 2348 foedam
1548 2286 1814 2348 ylomerant
1846 2291 2136 2347 tespestatem
2170 2283 2397 2334 imbribus

411 2353 531 2398 atris
573 2351 782 2399 Collectoe
814 2366 873 2398 ex
905 2352 1004 2398 alto
1040 2349 1198 2398 nubes.
1265 2350 1500 2413 Sequenti
1534 2365 1677 2397 versu
1712 2351 2051 2412 corrigendum
2092 2350 2159 2399 At
2190 2352 2397 2400 modicos

411 2415 582 2464 imbres
609 2417 756 2478 proni
789 2431 896 2463 cum
927 2431 1162 2464 murmure
1203 2414 1374 2464 Tauri.
1399 2431 1610 2477 pronum
1656 2417 1865 2464 Taurum
1898 2415 2134 2478 intellige,
2158 2423 2229 2464 ‚ut
2250 2431 2397 2480 supra

412 2479 508 2542 Ep.
525 2481 592 2529 xl.
614 2483 906 2544 Infixusque
928 2481 1017 2542 (sio
1032 2480 1248 2542 legend.)
1265 2496 1388 2543 yenu
1404 2479 1609 2543 proiecto
1630 2494 1821 2542 empore
1846 2479 2055 2530 Taurus.
2120 2480 2217 2530 Sed
2236 2487 2395 2530 totum

409 2544 578 2593 locum
607 2545 739 2594 idem
773 2545 929 2592 Janus
967 2545 1224 2593 Helvetiae
1259 2561 1403 2594 versu
1435 2560 1534 2592 uno
1570 2546 1857 2608 transposito
1894 2546 1963 2593 sic
2000 2546 2393 2596 constituendum

411 2609 684 2658 divinabat:
722 2610 814 2657 Sed
830 2613 983 2671 mayis
1001 2608 1203 2658 hiberae
1223 2614 1436 2658 steterint
1468 2625 1575 2657 cum
1608 2609 1763 2657 sidera
1792 2613 1966 2672 partis,
2000 2609 2393 2674 Fruqiferamque

414 2677 572 2724 Deam
593 2676 668 2724 vel
685 2673 942 2723 brumalem
965 2675 1325 2736 Capricornum,
1359 2675 1427 2722 At
1448 2675 1651 2722 modicos
1668 2673 1842 2722 imbres
1863 2677 2008 2736 proni
2026 2690 2132 2722 eum
2155 2689 2395 2724 murmure

420 2737 576 2787 Tauri
616 2739 791 2802 Aliyer,
839 2743 886 2787 et
916 2739 1104 2803 liquodo
1141 2755 1238 2787 non
1270 2755 1414 2788 saevus
1434 2737 1494 2786 ab
1527 2738 1693 2786 oethere
1718 2739 1896 2800 findet,
1935 2739 2149 2800 Insertus
2191 2739 2391 2799 Cancro,

413 2809 582 2864 terras,
599 2827 604 2832 ·
619 2821 726 2853 cum
759 2805 918 2864 letifer
951 2810 1058 2852 ortu
1096 2803 1253 2852 Sirius
1283 2804 1481 2866 adflavit
1518 2807 1747 2862 nocituro,
1784 2809 2009 2866 temperat
2042 2810 2191 2852 astus.
2273 2804 2393 2855 Post

410 2884 608 2918 versum
628 2885 741 2919 vero
761 2869 1022 2917 secundam
1039 2869 1221 2932 aliquid
1244 2869 1410 2917 deesse
1426 2869 1641 2931 putabat,
1656 2883 1769 2916 eum
1790 2883 1919 2916 saeva
1938 2868 2101 2916 omnia
2116 2869 2169 2916 in
2188 2869 2391 2932 Virgine

411 2941 463 2982 et
500 2935 792 2997 Capricorno
828 2940 1036 2983 moveat.
1099 2934 1224 2982 Vide
1260 2935 1529 2982 seeundum
1566 2933 1845 2981 Germanici
1879 2933 2227 2995 Fragmentum
2261 2935 2390 2997 apud

415 2999 660 3056 Grotium,
695 3015 742 3062 p.
783 2997 891 3056 127,
934 2999 1046 3046 dein
1081 2998 1332 3046 verissima
1371 2998 1641 3046 emendatio
1681 3005 1773 3056 est,
1810 2998 1987 3062 liquido
2024 3013 2118 3046 non
2152 3014 2297 3046 sevus
2327 2998 2389 3047 ab

411 3063 578 3112 athen
586 3064 757 3124 findet,
772 3063 984 3112 lmen-tus
1007 3063 1206 3122 Cancro,
1223 3070 1385 3112 terras.
1446 3062 1627 3112 Terras
1634 3063 1827 3124 findere
1842 3063 1954 3110 Sirii
1968 3063 2203 3120 adinstar,
2218 3071 2391 3112 notum

412 3129 530 3190 quid
551 3129 627 3176 sit.
696 3129 998 3176 Mercurium
1016 3143 1115 3176 non
1134 3129 1363 3176 fissuram
1384 3134 1533 3176 terras
1546 3127 1709 3189 rapido
1724 3128 1814 3175 sub
1834 3128 1987 3176 sidere
2012 3128 2202 3186 Cancri,
2218 3128 2393 3176 docent

412 3194 664 3256 sequeutia
693 3209 800 3241 cum
835 3192 991 3254 letifer
1025 3199 1132 3242 ortu
1161 3192 1328 3246 ,Sirius
1363 3192 1563 3254 adflavit
1592 3195 1821 3249 nocituro,
1854 3199 2003 3240 terras
2034 3208 2224 3254 nempe,
2260 3194 2392 3256 quod

411 3259 743 3320 repetendum,
781 3266 839 3307 ut
871 3257 924 3306 in
960 3257 1046 3306 illo
1080 3258 1216 3320 Virg.
1251 3257 1315 3304 V.
1355 3257 1472 3306 AEn.
1510 3258 1635 3309 739:
1669 3256 1740 3304 Et
1771 3273 1845 3304 me
1875 3273 2018 3306 saevus
2056 3261 2185 3321 equis
2224 3257 2391 3307 Oriens

412 3325 610 3384 adflam't
641 3323 838 3371 anhelis.
905 3323 1002 3371 Illa
1039 3329 1204 3371 autem
1239 3329 1346 3370 ortu
1377 3326 1589 3370 nocituro
1622 3322 2007 3384 interpunctione
2031 3323 2342 3372 discernenda
2362 3340 2391 3372 a

414 3388 744 3451 sequentibus,
767 3394 818 3436 et
835 3389 1052 3437 nocituro
1071 3388 1409 3450 corrigendum
1447 3395 1549 3436 erat
1580 3402 1666 3449 pro
1699 3391 1950 3435 nocituros.
2015 3388 2145 3436 Tum
2166 3393 2393 3451 temperat

411 3459 547 3501 oestus
575 3453 835 3514 legendum
868 3467 955 3515 pro
983 3459 1132 3500 «estas.
1200 3452 1450 3500 Nimirum
1482 3452 1597 3515 quia
1616 3450 1761 3512 ‚iuvat
1792 3468 1913 3500 aura
1940 3452 2144 3511 Favoni,
2167 3459 2224 3501 ut
2242 3460 2317 3501 est
2336 3453 2391 3502 in

410 3517 583 3580 fragm.
607 3517 735 3580 apud
761 3518 901 3566 Grot.
936 3533 1044 3580 pag.
1073 3517 1180 3574 127,
1201 3524 1250 3565 et
1271 3517 1341 3564 sic
1359 3517 1621 3580 legendum
1641 3517 1693 3565 in
1714 3516 1923 3576 Arateis,
1954 3518 2013 3566 de
2036 3519 2174 3576 Sirio,
2208 3533 2254 3566 v.
2278 3519 2390 3576 352,

411 3597 522 3645 pag.
543 3583 622 3642 60,
644 3597 703 3630 ex
724 3589 912 3630 vetusto
937 3583 1166 3644 Scaligeri
1189 3582 1381 3630 codice=
1420 3583 1540 3630 Cum
1568 3584 1720 3644 tetiqit
1753 3581 1881 3630 Solis
1909 3582 2086 3642 radios,
2122 3583 2391 3631 accenditur

412 3655 568 3696 estus.
635 3647 751 3706 Non
783 3647 1606 3696 «estas.—-BURM.——-violentior
1626 3649 1817 3694 numine
1834 3651 1956 3695 vires
1973 3662 2021 3710 p.
2054 3648 2253 3696 violento
2290 3651 2389 3695 tur-

414 3710 521 3760 bine
543 3711 620 3760 vel
639 3727 878 3760 murmure
898 3712 1069 3761 Heius.
1102 3713 1352 3760 violentior
1369 3715 1555 3774 aynaine
1577 3712 1897 3760 Helv.--0R..

477 3777 556 3824 36.
589 3776 744 3825 Provi
763 3777 877 3839 (sie)
901 3793 1007 3825 cum
1027 3792 1268 3826 murmura
1287 3776 1523 3839 p.-OR.

479 3843 560 3890 38.
595 3843 758 3904 Aliyer
777 3847 823 3889 et
842 3841 1073 3904 p.—OR.

479 3907 557 3954 39.
595 3906 809 3966 Lethifer
826 3907 1052 3969 p.—-0R.

477 3972 560 4020 40.
591 3971 750 4020 Strius
791 3971 975 4034 afflavit
1005 3987 1056 4034 p.
1109 3970 1284 4034 (Ibid.)
1333 3977 1468 4019 oestas
1500 3985 1549 4033 p.
1616 3969 1797 4018 Totum
1833 3969 1997 4018 locum
2032 3970 2102 4018 sic
2140 3969 2391 4019 constituit

415 4035 698 4086 Helvetiae:
733 4036 829 4086 Sed
847 4040 998 4100 mayis
1016 4035 1216 4086 hiberna
1235 4039 1617 4100 steterintquum
1636 4035 1791 4084 sidera
1805 4039 1978 4099 partis,
2002 4035 2391 4098 Fruyiferamque
