2992 4842
537 544 592 595 ΙΙ
1463 560 1621 597 ποτε

537 682 825 743 Zodiacnm,
861 682 922 731 de
953 696 1054 746 quo
1085 682 1168 731 hic
1187 682 1365 746 agitur,
1399 684 1626 747 pertinet,
1664 689 1715 733 et
1735 698 1989 746 nunqnam
2010 683 2213 732 antehac
2236 683 2422 733 editum
2446 692 2537 745 est,

535 762 634 797 non
668 748 870 797 verebor
903 750 1118 807 recitare,
1153 756 1298 811 prout
1320 765 1351 798 a
1371 749 1511 797 nobis
1546 758 1621 797 est
1656 750 1985 797 emendatum.
2023 750 2193 797 Gnor.
2263 749 2369 797 Nos
2402 751 2535 813 frag-

533 820 760 861 mentum
783 812 906 861 illud
929 812 1057 861 inter
1079 814 1348 875 fragmenta
1369 813 1557 875 reliqua
1578 814 1877 862 exhibemus.
1946 813 2067 861 Istic
2086 814 2239 875 igitur
2258 830 2537 875 quaeras.—-

537 876 991 926 sca—bienni
1016 878 1076 925 A.
1147 877 1208 925 In
1231 878 1319 925 Cd.
1345 878 1407 925 A.
1429 878 1482 925 hi
1502 894 1586 925 sex
1610 894 1779 926 versus
1806 880 2041 936 529-534,
2078 879 2231 925 literis
2265 880 2537 927 minoribus

533 950 704 1055 :3¹:52
733 949 861 1054 5⁸:23
892 942 1592 1069 :xffssffixastflnsszffsg
1614 944 2244 1069 ‘'reessffi‘issizdffifi‘ssess
2267 951 2537 1070 {fflizqss

537 1070 710 1121 thx.
724 1080 870 1133 atque
897 1070 1088 1127 Avieni,
1117 1072 1256 1129 1037,
1273 1086 1404 1134 seqq.
1429 1080 1480 1119 et
1491 1086 1651 1119 sermo
1671 1072 1775 1133 ipse
1796 1072 1943 1119 habet
1960 1072 2171 1119 colorem
2189 1072 2536 1120 scholasticum

533 1134 586 1183 iu
625 1150 702 1183 vv.
735 1136 1034 1198 presertim:
1085 1134 1150 1182 In
1181 1151 1262 1183 ses·
1303 1136 1506 1199 equales
1553 1142 1717 1199 partes
1758 1136 2027 1183 succumbet
2068 1138 2263 1199 requlcn
2298 1144 2362 1194 et,
2403 1138 2535 1197 quod

533 1200 695 1261 majus
729 1200 878 1247 etiam
908 1208 998 1256 est,
1031 1214 1076 1247 v.
1101 1201 1214 1256 529,
1249 1200 1438 1248 effictus
1467 1207 1542 1249 est
1564 1216 1591 1247 e
1615 1201 1898 1248 Germanici
1932 1201 2087 1247 nostri
2120 1216 2164 1247 v.
2201 1202 2265 1250 47
2269 1202 2315 1247 6.
2387 1200 2535 1248 Hunc

534 1272 637 1311 octo
657 1267 710 1312 in
729 1270 890 1327 partes
908 1268 950 1311 n·
974 1268 1082 1327 quis
1101 1264 1312 1312 diviserit
1331 1265 1486 1313 orbem
1504 1283 1520 1322 ς
1552 1280 1721 1312 versus
1741 1273 1907 1312 sutem
1933 1267 2044 1321 534,
2087 1265 2219 1312 idem
2239 1279 2435 1327 prorsus
2459 1270 2535 1313 est

533 1344 648 1376 cum
683 1328 786 1385 illo,
824 1344 855 1376 a
887 1344 984 1390 quo
1017 1330 1186 1391 incipit
1221 1328 1419 1391 Fraym.
1457 1328 1757 1391 Prognostic.
1800 1328 1904 1378 ΙΙΙ.
1946 1329 2223 1376 Schwartzii
2258 1337 2306 1376 et
2343 1344 2530 1389 meum,

534 1392 664 1455 quod
685 1400 928 1441 servatum
966 1399 1045 1441 est
1075 1393 1128 1441 in
1161 1393 1260 1441 fine
1295 1394 1420 1441 Cdd.
1461 1394 1653 1449 BEG.;
1686 1394 1781 1441 nisi
1822 1394 2037 1456 quodibi
2061 1409 2215 1455 quum
2252 1400 2531 1456 separatum

525 1456 632 1519 jam
670 1458 854 1505 dudum
887 1465 1016 1505 esset
1033 1473 1063 1505 s
1081 1458 1321 1520 poematis
1355 1473 1569 1520 corpore,
1606 1458 1921 1521 interpolator
1951 1458 2109 1520 prima
2130 1458 2275 1505 verba
2314 1458 2427 1505 Hoec
2448 1462 2530 1505 via

535 1520 662 1569 Solis
693 1525 784 1569 erit
805 1522 1013 1570 mutavit
1035 1523 1088 1569 in
1114 1537 1190 1569 vv.
1265 1522 1375 1569 Una
1411 1526 1494 1570 via
1526 1530 1593 1570 est
1632 1524 1769 1570 Solis.
1836 1523 2031 1569 Desunt
2067 1522 2225 1569 eidem
2257 1522 2529 1583 fragmento

533 1586 630 1633 duo
653 1592 808 1634 tresve
831 1601 996 1633 versus
1019 1587 1078 1633 de
1099 1601 1227 1634 anno
1241 1595 1291 1634 et
1309 1587 1342 1633 J
1345 1588 1446 1635 ovis
1460 1596 1511 1635 et
1534 1588 1745 1635 Saturni.
1814 1586 1941 1636 Quae
1953 1602 2106 1648 quum
2122 1602 2317 1633 mecum
2339 1594 2528 1648 reputo,

533 1650 761 1708 adducor,
805 1658 858 1698 ut
900 1651 1092 1698 credam
1136 1658 1294 1699 totum
1337 1651 1503 1700 locum
1542 1652 1613 1700 ita
1652 1666 1757 1699 esse
1799 1651 2224 1699 constituendum:
2278 1650 2531 1699 AEtherias

532 1718 699 1777 surgit,
751 1719 848 1762 tam
881 1717 1034 1762 sacr&
1067 1718 1297 1777 meryitur
1333 1718 1474 1763 undis
1510 1715 1681 1776 (528).·
1728 1718 1841 1763 Hoee
1877 1717 1960 1763 via
1998 1716 2119 1762 Solis
2156 1718 2249 1762 erit
2298 1714 2369 1762 bis
2406 1719 2530 1762 senis

533 1778 695 1827 lueida
715 1782 862 1841 siquis
881 1779 1036 1841 (534).
1099 1779 1230 1827 Tum
1262 1780 1565 1843 Prognostic.
1605 1780 1802 1839 Fragm.
1836 1779 1945 1827 111.
1977 1795 2023 1826 v.
2047 1780 2197 1826 2-16:
2242 1782 2533 1827 Mercurius.-

532 1842 667 1892 binos
707 1844 945 1893 Gradivus
973 1846 1162 1907 perficit
1194 1844 1338 1893 orbes.
1373 1849 1404 1879 ⁶
1441 1844 1468 1872 ⁸
1504 1848 1535 1878 ⁶
1571 1848 1603 1879 ⁸
1636 1844 1830 1892 Nobilis
1868 1844 1948 1891 hic
1982 1844 2120 1892 Aries
2150 1848 2323 1891 aurato
2360 1844 2532 1892 vellere

534 1909 771 1969 quondam
793 1916 883 1956 cet.
917 1908 1242 1969 (535)-0R.

599 1974 712 2022 535.
746 1972 936 2021 Nobilis
955 1972 1034 2021 hic
1051 1972 1203 2035 aries]
1241 1973 1402 2021 Locus
1424 1979 1499 2021 est
1525 1972 1931 2035 elegantissimus,
1960 1972 2013 2019 in
2034 1988 2131 2035 quo
2152 1971 2282 2020 XII.
2314 1971 2531 2018 siderum

531 2036 710 2084 fabulae
725 2038 932 2085 breviter
950 2038 1272 2099 attinguntur,
1288 2052 1436 2099 quem
1455 2052 1562 2095 nos,
1574 2053 1707 2086 more
1722 2045 1901 2093 nostro,
1918 2038 2165 2099 integrum
2188 2050 2529 2099 proponemus.

532 2101 627 2162 (uti
659 2102 764 2163 jam
801 2116 1058 2164 expressus
1091 2102 1186 2162 est)
1249 2102 1434 2149 Versus
1472 2108 1588 2149 sunt
1622 2102 1970 2164 elegantissimi
1992 2103 2050 2148 ad
2073 2116 2195 2163 quos
2219 2100 2530 2161 explicandos

531 2166 1180 2293 ffssssffiffgffli'ffi‘u‘ffffid
1211 2166 2081 2291 vssnffssffssstfflfflfflgffi
2097 2165 2529 2287 fflghfl‘gggthffitg

533 2294 689 2343 vellus
710 2310 911 2343 aureum
931 2295 986 2342 in
1008 2295 1216 2343 Colchos
1251 2296 1386 2358 prius
1421 2294 1635 2355 illatum,
1674 2295 1845 2343 deinde
1864 2310 1895 2341 a
1913 2294 2093 2342 Jasone
2128 2300 2177 2341 et
2210 2293 2353 2341 sociis
2388 2308 2528 2355 repe-

531 2358 678 2407 utum
701 2375 823 2407 esse.
891 2359 1024 2421 Ergo
1046 2360 1422 2422 haudquaquam
1443 2359 1649 2407 Vossius
1668 2360 1721 2407 in
1742 2360 2153 2407 observationibus
2174 2358 2233 2404 ad
2260 2357 2529 2415 Catullum,

565 2438 640 2485 ag.
661 2425 769 2482 190,
790 2424 1083 2486 persuaserit
1103 2424 1243 2483 mihi,
1259 2424 1415 2471 vellus
1433 2423 1557 2471 illud
1578 2439 1782 2471 aureum
1804 2423 2175 2486 pretiosissimas
2197 2421 2349 2483 pelles
2371 2421 2530 2469 Zibel-

529 2437 671 2544 θυαε,
703 2490 779 2549 (ut
802 2488 948 2550 vulgo
980 2488 1246 2551 loquimur)
1283 2488 1452 2535 fuisse.
1520 2487 1721 2551 Propior
1742 2489 1801 2536 ad
1836 2489 1980 2536 fidem
2003 2494 2077 2535 est
2100 2486 2356 2547 explicatio
2378 2486 2532 2533 Palae-

529 2552 666 2614 phati
687 2552 745 2600 de
768 2553 953 2601 incred-
973 2552 1091 2600 hist.
1123 2568 1166 2601 c.
1189 2554 1268 2609 31,
1306 2567 1587 2615 quanquam
1618 2568 1707 2600 nec
1728 2553 1771 2600 is
1792 2552 2078 2615 scrupulum
2110 2566 2307 2599 omnem
2330 2551 2529 2598 eximat.

529 2616 750 2665 —SCH.
884 2617 1083 2664 Omittit
1102 2624 1198 2664 tres
1220 2632 1295 2664 vv.
1319 2617 1555 2666 535-537.
1591 2618 1679 2665 cd.
1703 2616 1946 2665 Ate-01³„

598 2683 712 2729 536.
754 2680 961 2743 Tauros]
999 2681 1146 2728 Tauri
1163 2688 1427 2729 tenuerunt
1449 2681 1825 2738 Chersonesum,
1850 2696 1959 2743 quae
1972 2679 2032 2727 ab
2052 2680 2114 2727 iis
2134 2678 2342 2727 Taurica
2360 2684 2528 2726 vocata

531 2752 620 2793 est.
687 2745 800 2793 vid.
839 2745 1008 2793 Strabo
1048 2745 1228 2807 Geogr.
1263 2746 1348 2793 lib.
1385 2745 1511 2792 vn.
1545 2760 1596 2807 p.
1617 2762 1684 2793 m.
1704 2747 1802 2795 474
1824 2754 1874 2793 et
1893 2746 2006 2794 478.
2075 2744 2185 2791 Hoc
2219 2743 2327 2791 loco
2366 2750 2529 2790 autem

595 2817 742 2857 testas
777 2810 926 2871 hujus
963 2809 1175 2857 nominis
1211 2817 1312 2858 tam
1349 2809 1446 2858 late
1481 2817 1630 2872 patet,
1666 2818 1721 2857 ut
1742 2810 1890 2857 etiam
1924 2808 2133 2855 Colchos
2166 2808 2530 2869 complectatur.

529 2824 666 2922 {fam
695 2874 748 2921 in
785 2873 995 2922 Colchos
1016 2875 1076 2923 ab
1098 2873 1265 2922 Ariete
1299 2874 1530 2932 Phrixus,
1568 2872 1817 2937 Nepheles
1849 2874 1996 2931 filius,
2032 2888 2180 2935 quem
2208 2886 2415 2920 noverca
2439 2871 2531 2919 diis

529 2939 732 2986 mactari
768 2938 1000 2997 voluerat,
1037 2938 1254 3001 perlatus
1302 2946 1389 2987 est.
1475 2939 1587 2987 Vid.
1624 2947 1801 3001 praeter
1839 2954 1937 2996 eos,
1976 2952 2097 3000 quos
2133 2936 2293 2993 citavi,
2339 2942 2532 2983 autores

533 3002 835 3060 Strabonem,
870 3002 954 3049 lib.
979 3002 1022 3050 1.
1061 3017 1170 3065 pag.
1198 3003 1225 3052 7
1232 3004 1258 3051 7
1281 3010 1331 3051 et
1353 3018 1463 3066 pag.
1489 3002 1601 3053 762.
1671 3002 1898 3050 Prodidit
1927 3000 2129 3063 Hellen]
2169 3001 2230 3048 In
2252 3000 2529 3048 catalectis:

530 3066 766 3115 Proditor
785 3074 854 3115 est
876 3066 1041 3115 Helles
1061 3072 1105 3113 et
1127 3071 1335 3129 portitor
1352 3068 1631 3129 Europoeus.
1667 3068 1845 3115 Gnor.
1912 3067 2002 3114 Sed
2038 3066 2263 3113 meliores
2296 3065 2531 3113 editiones

529 3131 711 3179 habent
728 3129 959 3179 Portitor.
1027 3131 1301 3179 Prodidisse
1334 3140 1498 3180 autem
1536 3133 1728 3189 dicitur,
1764 3131 1877 3193 quia
1904 3130 2041 3178 illam
2063 3130 2117 3177 in
2135 3130 2317 3177 fretum
2338 3129 2527 3189 dejecit,

531 3196 661 3258 quod
681 3197 740 3244 ab
761 3196 846 3243 illa
871 3194 1221 3259 Hellespontus
1254 3196 1496 3244 nominari
1517 3197 1679 3260 coepit.
1746 3195 1859 3244 vid.
1881 3195 2162 3257 Apollodor.
2186 3193 2315 3241 Bibl.
2352 3192 2458 3240 libr.
2484 3192 2529 3241 1.

531 3275 578 3371 (ἒ
601 3261 707 3371 9ὶως
733 3262 774 3317 1,
811 3260 919 3371 agid.
946 3275 1098 3371 ὃυρτο.
1133 3268 1300 3307 notam
1334 3261 1396 3308 ad
1427 3276 1470 3308 v.
1493 3260 2210 3321 223.—SCH.—Phryxum
2229 3258 2308 3320 gb.
2330 3258 2529 3318 frixum

583 3359 594 3371 .
689 3326 797 3372 llem
863 3351 944 3373 .—
996 3325 1057 3372 R.

597 3388 710 3439 637.
749 3388 900 3445 Quem
927 3395 1124 3451 propter
1140 3388 1390 3450 fabricata
1417 3388 1562 3450 ralis]
1600 3388 1661 3435 Id
1682 3395 1771 3445 est,
1797 3389 1937 3451 cujus
1959 3388 2129 3436 Phrixi
2150 3402 2353 3435 aureum
2373 3384 2531 3433 vellus

529 3458 587 3499 ut
605 3460 843 3515 repeteret
863 3454 1030 3511 Jason,
1073 3455 1207 3515 Argo
1241 3453 1337 3501 fuit
1375 3460 1666 3501 constructa.
1733 3453 1857 3501 Vide
1880 3467 2026 3515 supra
2050 3460 2186 3499 notas
2208 3452 2269 3499 ad
2293 3468 2336 3499 v.
2362 3453 2456 3497 342
2481 3456 2531 3497 et

532 3518 646 3565 348.
695 3515 893 3579 Perfida
922 3517 1131 3580 Colchis]
1169 3517 1229 3564 Id
1253 3525 1340 3577 est,
1365 3518 1558 3575 Medea,
1580 3532 1691 3579 quae
1713 3519 1879 3565 crebra
1897 3518 2078 3565 famam
2100 3532 2242 3564 suam
2259 3514 2534 3578 inquinavit

529 3581 744 3644 perfidia.
834 3581 944 3629 Hoc
987 3581 1092 3629 loco
1135 3589 1299 3629 autem
1339 3581 1426 3629 illa
1464 3584 1679 3630 maxime
1722 3590 1916 3629 notatur
1955 3581 2170 3643 perfidia,
2217 3596 2327 3643 qua,
2364 3586 2531 3627 contra

529 3646 743 3709 parentis
767 3646 844 3694 sui
865 3646 1025 3695 AEetae
1047 3646 1362 3703 voluntatem,
1385 3646 1418 3693 J
1419 3648 1557 3694 asoni
1580 3647 1781 3694 consilia
1803 3646 2047 3707 suggessit
2068 3646 2127 3692 de
2150 3646 2375 3693 Dracone
2396 3643 2531 3691 aurei

529 3710 723 3758 velleris
765 3712 962 3758 custode
1007 3712 1138 3758 vafre
1182 3711 1414 3767 necando,
1472 3718 1522 3759 et
1560 3711 1669 3758 aliis
1711 3710 2073 3773 impedimentis
2116 3710 2357 3757 tollendis.
2422 3708 2533 3755 vid.

530 3774 764 3823 Flaccum
786 3778 1055 3837 Argonaut.
1081 3774 1208 3822 VII.
1230 3777 1342 3831 458,
1366 3791 1496 3837 seqq.
1567 3774 1708 3823 Idem
1737 3776 1940 3823 Flaccus
1963 3774 2133 3822 eodem
2166 3773 2306 3833 libro,
2342 3789 2389 3821 v.
2418 3773 2528 3831 153,

531 3840 734 3887 eandem
770 3840 998 3887 Medeam
1027 3839 1196 3887 itidem
1234 3838 1457 3887 Colchida
1490 3846 1657 3887 vocat:
1696 3840 1797 3887 Hic
1828 3839 1911 3887 ubi
1944 3840 2256 3902 nequicquam
2289 3842 2533 3885 nutantem

529 3902 764 4015 &gemela
796 3906 926 3952 euris
947 3904 1090 4015 ἐῙᾶυῙιΙο
1111 3904 1254 3964 videt,
1287 3918 1372 3951 nec
1392 3904 1505 3951 dum
1525 3910 1729 3953 extremo
1758 3918 1931 3967 parere
1947 3907 2133 3962 furori,
2154 3906 2233 3961 ᾁσ.
2299 3903 2379 3951 Ita
2400 3916 2530 3964 saepe

629 3983 646 4015 1
703 3984 766 4015 uo
804 3984 943 4016 ue.—
1087 4003 1099 4016 .

595 3984 709 4082 6331.
744 3985 910 4095 ἑξῳίιο
945 4031 1110 4096 viyile]
1157 4032 1399 4093 Dracone,
1439 4048 1588 4097 quem
1636 4033 1839 4083 Flaccus
1878 4032 2155 4096 Argonaut.
2186 4030 2314 4083 VII.
2350 4045 2397 4080 v.
2420 4030 2532 4089 536,
