2992 4842
1265 609 1578 655 scnomA.
2337 593 2422 660 55

420 747 685 833 Jupiter
708 758 933 814 contra
964 747 1319 814 Saturnum
1352 749 1530 828 feeit,
1572 750 1747 835 quod
1784 749 2110 816 memoriae
2154 772 2288 814 non
2333 773 2432 816 so-

420 835 559 898 lum
611 835 797 899 astris
845 835 1121 912 illatum,
1174 837 1286 900 sed
1337 837 1533 900 etiam
1571 835 1939 902 hominibus
1993 836 2116 900 hoc
2164 837 2431 903 haberet

424 921 821 998 institutum,
867 921 1021 1005 quia
1059 921 1131 985 in
1170 922 1482 1006 agonibus
1525 933 1591 986 et
1628 922 1796 986 ludis
1838 923 2430 1008 quinquennalibus

420 1029 674 1070 coronae
700 1007 1047 1084 habentur,
1079 1020 1147 1072 et
1176 1008 1439 1072 foederis
1471 1019 1672 1072 testes
1703 1008 2119 1084 adhibentur,
2141 1009 2430 1092 itemque

419 1102 622 1170 vates,
641 1114 757 1178 per
780 1115 944 1178 quos
966 1092 1189 1157 futura
1209 1095 1701 1178 respondentur,
1725 1095 1796 1158 in
1821 1092 2175 1177 Symposiis
2199 1095 2426 1159 domus

417 1191 894 1256 consecrantur,
934 1189 1001 1243 et
1029 1180 1180 1264 jure
1222 1179 1480 1264 Jupiter
1525 1179 1790 1263 igneum
1823 1180 1944 1243 sibi
1983 1179 2294 1258 velamen,
2346 1203 2428 1245 ne

420 1265 561 1349 ejus
578 1264 916 1328 fulminum
942 1266 1235 1350 potentia
1262 1265 1868 1350 deprehenderetur,
1898 1265 2214 1331 adhibuit.
2292 1265 2428 1330 Ha-

416 1349 535 1414 bet
584 1351 800 1415 stellas
850 1361 1149 1434 quatuor,
1201 1352 1359 1416 duas
1389 1351 1459 1414 in
1488 1351 1850 1435 superficie,
1898 1351 1968 1415 in
2014 1373 2145 1437 qua
2191 1373 2423 1436 prunae

418 1434 617 1500 fuisse
647 1437 973 1513 dicuntur,
1004 1438 1161 1501 duas
1191 1437 1259 1500 in
1288 1460 1433 1501 vase
1458 1439 1618 1521 ejus.

509 1520 872 1586 Centaurus
903 1523 1137 1587 dicitur
1164 1523 1426 1586 Saturni
1456 1535 1526 1586 et
1556 1521 1842 1607 Philyrae
1864 1522 2036 1586 filius
2061 1548 2077 1600 ;
2124 1545 2276 1587 nam
2311 1521 2428 1588 Sa-

418 1617 653 1672 turnus
703 1630 853 1672 cum
902 1607 945 1672 J
946 1632 1127 1672 ovem
1173 1609 1378 1672 filium
1426 1619 1750 1693 quaereret
1798 1609 1867 1672 in
1916 1607 2210 1685 Thracia,
2266 1631 2416 1673 cum

418 1691 687 1777 Philyra
718 1693 961 1758 Oceani
978 1695 1111 1758 filia
1131 1695 1201 1758 in
1223 1717 1464 1780 equum
1488 1716 1709 1758 versus
1731 1694 1964 1758 dicitur
1985 1695 2422 1772 concubuisse,

418 1790 486 1843 et
516 1802 603 1842 ex
632 1802 709 1844 ea
742 1780 1087 1844 Chironem
1114 1779 1512 1844 Centaurum
1534 1792 1761 1845 natum
1789 1780 1943 1844 artis
1965 1781 2300 1845 medicinae
2321 1781 2421 1843 in-

415 1877 769 1943 ventorem,
801 1867 1135 1950 ipsamque
1165 1867 1233 1930 in
1266 1867 1559 1930 arborem
1588 1874 1852 1948 φίλυραν,
1878 1865 1998 1930 hoc
2045 1876 2166 1944 est,
2215 1866 2423 1930 tiliam

414 1973 658 2015 versam
690 1975 850 2029 esse,
881 1964 949 2016 et
987 1951 1309 2017 habitasse
1345 1949 1696 2018 Chironem
1720 1952 1790 2014 in
1815 1950 1998 2016 Pelio
2013 1961 2234 2016 monte
2254 1952 2426 2016 inter

414 2035 707 2101 homines
766 2038 1225 2123 aequissimum,
1288 2061 1328 2102 a
1385 2059 1516 2123 quo
1594 2037 2006 2122 AEsculapius
2077 2037 2420 2114 medicina,

417 2121 704 2187 Achilles
734 2124 997 2201 cithara,
1028 2124 1097 2187 in
1132 2124 1476 2208 astrologia
1509 2123 1846 2202 Hercules,
1879 2123 2080 2186 literis
2123 2124 2424 2187 instructi

414 2219 609 2287 sunt3
656 2210 838 2295 cujus
909 2209 1187 2294 hospitio
1243 2232 1390 2275 cum
1466 2209 1782 2274 Hercules
1852 2219 2170 2289 uteretur,
2244 2210 2418 2274 sicut

416 2293 843 2359 Antisthenes
872 2295 1046 2374 dicit,
1079 2318 1115 2359 e
1136 2296 1437 2379 pharetra
1466 2296 1703 2379 sagitta
1729 2295 1906 2379 lapsa
1928 2294 2160 2359 dicitur
2181 2296 2418 2380 pedem

414 2382 555 2444 e'us
583 2381 977 2462 vulnerasse,
1006 2391 1394 2465 acceptoque
1424 2381 1689 2446 vulnere
1713 2381 1894 2445 illum
1920 2380 2198 2444 animam
2224 2381 2422 2446 exha-

412 2465 435 2529 l
510 2489 601 2544 se,
634 2477 703 2530 et
731 2467 812 2530 ab
845 2466 1003 2531 Jove
1034 2468 1219 2532 astris
1248 2467 1522 2532 illatum.
1614 2467 1740 2530 Est
1769 2477 1987 2532 autem
2036 2467 2290 2551 signum
2338 2468 2420 2531 ad

413 2563 745 2637 aspectum
778 2552 1071 2618 Sacrarii.
1162 2552 1355 2616 Unde
1388 2563 1455 2618 et
1484 2553 1566 2618 ad
1592 2553 1764 2617 idem
1817 2552 2178 2617 Sacrarium
2227 2553 2418 2617 sacri-

419 2638 610 2702 ficare
640 2639 912 2704 videtur.
1004 2639 1227 2703 Habet
1256 2639 1492 2717 stellaS,
1517 2640 1586 2702 in
1609 2639 1818 2723 capite
1842 2635 2140 2704 obscuras
2165 2649 2318 2716 tres,
2346 2639 2419 2703 in

414 2723 683 2808 singulis
702 2723 993 2788 'humeris
1022 2725 1305 2808 singulas
1334 2725 1554 2802 claras,
1584 2727 1654 2788 in
1677 2725 1910 2789 dextro
1937 2724 2156 2788 cubito
2186 2746 2405 2802 unam,

413 2809 485 2873 in
516 2811 741 2874 eadem
770 2833 969 2882 manu
998 2833 1215 2888 unam,
1247 2811 1317 2875 in
1345 2811 1558 2874 medio
1587 2822 1844 2894 pectore
1877 2831 2094 2886 unam,
2125 2809 2195 2872 in
2226 2810 2413 2895 spina

414 2894 593 2973 duas,
624 2897 695 2960 in
721 2909 943 2961 ventre
972 2897 1336 2981 splendidas
1366 2897 1546 2974 duas,
1576 2897 1646 2960 in
1677 2897 1908 2962 dextro
1929 2896 2150 2959 lumbo
2177 2896 2413 2960 claram

413 3003 635 3059 unam,
664 2981 735 3045 in
764 2984 967 3047 cauda
994 2994 1147 3060 tres,
1177 2983 1249 3046 in
1278 2982 1546 3066 singulis
1575 2983 1846 3066 genibus
1877 2993 2195 3046 retrorsus
2225 2982 2406 3059 duas,

412 3064 482 3129 in
513 3078 789 3151 utroque
820 3091 999 3133 armo
1026 3091 1247 3146 unam,
1277 3069 1349 3132 in
1372 3069 1667 3151 utrisque
1689 3068 1962 3152 pedibus
1986 3067 2412 3132 anterioribus

412 3151 713 3236 singulas.
804 3154 1005 3218 Fiunt
1016 3176 1237 3218 omnes
1250 3151 1620 3219 XXXIII.
1715 3152 1997 3220 Quidam
2017 3153 2413 3218 arbitrantur

412 3245 633 3302 tenere
664 3239 734 3301 in
762 3240 1019 3304 sinistra
1064 3262 1261 3304 manu
1308 3263 1483 3306 arma
1529 3250 1597 3303 et
1644 3238 1962 3324 Leporem
1989 3264 2004 3315 3
2051 3239 2123 3303 in
2177 3239 2410 3303 dextra

408 3343 559 3387 vero
596 3325 952 3402 bestiolam,
997 3347 1145 3409 quae
1176 3325 1376 3406 θηρίον
1415 3322 1796 3409 appellatur,
1838 3335 1906 3388 et
1932 3321 2182 3405 βύρσαν,
2213 3325 2282 3388 id
2311 3336 2410 3390 est

408 3418 621 3473 utrem
663 3411 797 3474 vini
844 3411 1130 3496 plenum,
1183 3410 1253 3473 in
1305 3431 1435 3495 quo
1494 3410 1738 3474 libabat
1799 3410 1919 3474 diis
1968 3409 2039 3473 in
2098 3406 2405 3475 Sacrario.

411 3492 635 3560 Habet
664 3506 878 3562 autem
908 3495 1124 3560 stellas
1162 3495 1458 3573 bestiola,
1490 3496 1562 3560 in
1603 3496 1814 3581 capite
1856 3518 2072 3572 unam,
2111 3495 2183 3560 in
2223 3497 2410 3580 spina

404 3579 638 3644 claram
669 3603 886 3660 unam,
917 3583 987 3646 in
1013 3582 1215 3646 cauda
1245 3581 1427 3659 duas,
1458 3582 1529 3645 in
1559 3604 1806 3646 summo
1846 3581 2010 3666 pede
2098 3583 2405 3646 osteriore

404 3664 639 3731 claram
665 3689 884 3745 unam,
920 3667 990 3730 in
1018 3667 1243 3752 thyrso
1272 3678 1426 3732 tres.
1520 3666 1692 3732 Sunt
1717 3690 1938 3732 omnes
1967 3665 2042 3731 X
2121 3665 2339 3732 XIII.

493 3751 746 3836 Hydra,
772 3775 965 3837 super
994 3754 1177 3838 cujus
1206 3754 1474 3818 caudam
1503 3751 1788 3818 Corvum
1817 3754 2034 3818 sedere
2054 3753 2298 3830 dicunt,
2335 3764 2405 3817 et

402 3835 473 3900 in
493 3838 709 3902 medio
741 3837 993 3903 Urnam
1024 3849 1343 3920 asserunt,
1372 3851 1471 3904 est
1507 3840 1764 3924 signum
1793 3839 1862 3903 in
1891 3848 2076 3923 parte
2118 3838 2404 3920 australi,

402 3934 601 4008 caput
630 3924 958 3988 deflexum
985 3926 1229 3990 habens
1262 3925 1342 3990 ad
1377 3925 1718 4004 Cancrum,
1751 3926 1936 4011 cujus
1980 3923 2222 3989 sinuosi
2263 3946 2402 3987 cor-

398 4009 571 4092 poris
598 4011 907 4076 medietas
937 4023 1038 4076 est
1064 4033 1359 4076 connexa
1388 4013 1510 4076 sub
1541 4010 1784 4092 Leone,
1813 4010 2080 4075 caudam
2101 4031 2250 4074 vero
2285 4032 2402 4074 ex-

398 4095 610 4161 tendit
639 4097 723 4162 ad
772 4096 1191 4176 Centaurum,
1240 4119 1434 4183 supra
1481 4119 1678 4184 quam
1724 4095 1906 4163 sedet
1951 4093 2236 4164 Corvus:
2283 4096 2398 4182 qui
