2992 4842
1732 397 1763 421 Κ

578 584 622 647 4
1375 607 1767 655 GERMANICI

583 745 785 813 Ortus
813 747 982 813 fama
1011 741 1131 827 tui,
1165 747 1390 813 mediis
1420 759 1485 814 te
1514 749 1667 816 loeta
1693 748 1942 815 ferebas

585 833 892 898 Sublimis
912 833 1192 919 populis,
1223 856 1340 899 nec
1369 834 1712 919 dedignata
1738 834 1957 900 subire

579 915 780 983 Tecta
803 919 1137 984 hominum
1165 927 1233 984 et
1259 941 1453 1005 puros
1483 921 1621 985 sine
1649 920 1937 999 crimine,
1969 920 2157 998 Diva,
2189 935 2478 1007 penates,

581 1003 625 1068 J
625 1026 743 1069 ura
771 1004 962 1069 dabas
991 1005 1301 1090 cultuque
1328 1028 1492 1071 novo
1519 1006 1681 1070 rude
1704 1007 1935 1090 vulgus
1963 1007 2033 1071 in
2058 1030 2280 1074 omnes
2474 1012 2569 1060 110

583 1089 933 1155 Formabas
961 1091 1111 1154 vitae
1141 1090 1401 1157 sinceris
1428 1092 1674 1157 artibus
1704 1114 1879 1156 usus.

584 1174 898 1241 Nondum
925 1198 1190 1252 vesanos
1217 1177 1425 1242 rabies
1455 1177 1809 1242 nudaverat
1838 1199 2043 1256 enses,

586 1261 728 1326 Nec
757 1262 1242 1346 consanguineis
1269 1262 1484 1328 fuerat
1513 1262 1821 1328 discordia
1846 1274 2037 1340 nota3

543 1361 548 1368 '
586 1346 936 1433 Ignotique
964 1348 1156 1412 maris
1185 1371 1430 1427 cursus,
1508 1349 1837 1433 rivataque
1865 1349 2057 1413 tellus

585 1433 796 1498 Grata
824 1433 976 1498 satis
1000 1458 1017 1510 ;
1061 1455 1275 1519 neque
1303 1456 1420 1518 per
1493 1434 1675 1498 ubios
1706 1434 2061 1499 avidissima
2088 1446 2312 1500 ventos
2480 1438 2570 1486 115

588 1519 753 1604 Spes
779 1519 1002 1604 procul
1031 1530 1273 1584 amotas
1301 1519 1610 1585 fabricata
1635 1543 1795 1585 nave
1823 1520 2089 1604 petebat

587 1604 863 1670 Divitias
887 1630 903 1683 3
947 1604 1326 1690 fructusque
1355 1606 1550 1670 dabat
1577 1606 1826 1690 placata
1853 1606 2077 1672 colono

592 1690 840 1776 Sponte
871 1713 987 1755 sua
1015 1690 1240 1769 tellus3
1286 1713 1406 1756 nec
1435 1693 1614 1776 parvi
1642 1691 1957 1756 terminus
1986 1691 2123 1776 agri

590 1777 954 1842 Praestabat
981 1775 1252 1841 dominis
1280 1777 1462 1860 signo
1491 1777 1811 1841 tutissima
1838 1799 2009 1842 rura.

676 1861 776 1926 At
802 1872 1143 1962 postquam
1172 1863 1423 1946 argenti
1453 1863 1649 1927 crevit
1678 1862 2019 1927 deformior
2038 1873 2215 1940 aetas,
2481 1861 2574 1909 120

591 1945 831 2012 Rarius
859 1947 1075 2013 invisit
1097 1949 1446 2014 maculatas
1466 1947 1799 2013 fraudibus
1828 1948 2044 2026 urbeS,

595 2033 882 2117 Seraque
905 2032 986 2096 ab
1017 2033 1286 2098 excelsis
1314 2033 1702 2098 descendens
1722 2035 2070 2112 montibus,
2102 2057 2212 2098 ore

590 2117 829 2184 Velato
858 2118 1152 2205 tristique
1182 2141 1379 2202 genas
1408 2119 1779 2184 abscondita
1804 2120 2009 2198 vittas

594 2204 988 2289 Nulliusque
1012 2204 1233 2283 larem,
1258 2205 1468 2270 nullos
1499 2205 1633 2271 adit
1659 2205 1771 2270 illa
1796 2216 2083 2290 penates.

592 2288 876 2355 Tantum
905 2312 1108 2374 quum
1139 2290 1462 2376 trepidum
1487 2290 1717 2373 vulgus
1746 2302 2076 2375 caetusque
2106 2291 2371 2367 notavit,
2485 2289 2576 2337 125

594 2375 939 2460 Increpat:
990 2375 1049 2441 O
1079 2386 1336 2461 patrum
1363 2376 1619 2441 suboles
1647 2376 1847 2441 oblita
1868 2378 2178 2462 priorum,

594 2461 968 2544 Degeneres
996 2483 1246 2547 semper
1274 2484 1651 2548 semperque
1680 2462 1981 2527 habitura
2000 2464 2300 2541 minoreS,

596 2547 779 2614 Quid
806 2569 934 2624 me,
963 2549 1064 2634 cuj
1074 2571 1147 2611 us
1178 2548 1316 2613 abit
1347 2570 1520 2627 usus,
1551 2570 1668 2632 per
1697 2559 1844 2613 vota
1872 2549 2152 2614 vocatis?

597 2632 971 2700 Quaerenda
1001 2643 1100 2698 est
1129 2633 1308 2698 sedes
1337 2634 1524 2698 nobis
1548 2656 1749 2698 nova:
1797 2634 2011 2699 secula
2035 2644 2251 2699 vestra

596 2718 870 2784 Artibus
897 2719 1224 2784 indomitis
1252 2719 1496 2784 tradam
1526 2719 1875 2804 scelerique
1904 2731 2191 2786 cruento.
2489 2721 2582 2768 130

598 2805 765 2870 Haec
795 2804 1006 2881 effata,
1039 2827 1232 2890 super
1258 2815 1511 2869 montes
1540 2806 1678 2870 abit
1701 2806 1851 2870 alite
1882 2828 2096 2884 cursU,

602 2890 934 2956 Attonitos
960 2890 1260 2976 linquens
1282 2892 1553 2976 populos
1581 2892 1867 2975 graviora
1935 2902 2212 2956 aventes,

684 2976 886 3042 AErea
913 2977 1025 3042 sed
1056 2987 1393 3076 postquam
1422 2976 1634 3061 proles
1663 2977 1850 3041 terris
1874 2914 2043 3056 (fata,
2075 2999 2191 3041 nec
2211 2978 2347 3062 jam

603 3061 864 3128 Semina
894 3063 1149 3127 virtutis
1176 3062 1348 3127 vltiis
1377 3063 1664 3128 demersa
1691 3063 2021 3140 resistunt,

602 3147 911 3233 Ferrique
940 3148 1206 3212 invento
1234 3170 1414 3212 mens
1445 3160 1546 3213 est
1570 3148 1793 3213 laetata
1820 3148 2101 3225 metallo,
2493 3148 2584 3194 135

603 3232 847 3298 Polluit
878 3244 945 3297 et
975 3241 1196 3297 taurus
1227 3255 1476 3298 mensas
1499 3243 1789 3298 assuetus
1813 3246 2023 3298 aratro
2049 3258 2063 3298 ε

600 3318 912 3384 Deseruit
938 3341 1208 3404 propere
1238 3328 1440 3384 terras
1452 3318 1811 3405 justissima
1839 3321 2036 3404 virg0,

603 3405 696 3468 Et
725 3405 866 3468 caeli
896 3415 994 3468 est
1021 3405 1247 3469 sortita
1273 3404 1508 3483 locum,
1540 3427 1669 3490 qua
1695 3406 2033 3491 proximus
2060 3404 2155 3468 illi

600 3488 848 3555 Tardus
875 3489 945 3552 in
973 3511 1263 3555 occasum
1289 3492 1583 3574 sequitur
1612 3513 1725 3555 sua
1797 3491 2038 3555 laustra
2067 3491 2326 3555 Bootes,

689 3573 976 3658 Virginis
1007 3585 1074 3640 at
1092 3574 1358 3661 placidae
1387 3577 1725 3662 praestanti
1776 3577 1994 3640 umine
2025 3577 2235 3661 signat
2498 3575 2589 3623 140

607 3659 810 3726 Stella
837 3661 1135 3726 humeros
1159 3688 1173 3739 ;
1223 3660 1500 3727 Helicen
1528 3663 1695 3746 ignis
1724 3685 1855 3726 non
1884 3662 2110 3727 clarior
2139 3659 2363 3737 ambit,

608 3744 876 3832 Quique
904 3747 1096 3812 micat
1125 3748 1348 3825 cauda,
1381 3747 1625 3833 quique
1654 3770 1902 3812 armum
1932 3747 2152 3832 fulget·
2169 3747 2251 3812 ad
2278 3746 2513 3830 ipsum,

611 3831 877 3918 Quique
905 3833 1116 3918 priora
1144 3843 1326 3898 tenet
1352 3834 1640 3918 vestigia,
1717 3833 1914 3919 uique
1942 3832 2242 3910 secunda,

611 3917 926 3983 Clunibus
952 3919 1214 3984 hirsutis
1243 3929 1310 3985 et
1339 3920 1452 4004 qui
1481 3943 1601 3984 sua
1628 3919 1681 3984 si
1728 3941 1836 3984 era
1854 3918 2099 3984 redditt

614 4002 914 4089 Namque
945 4005 1106 4083 aliae,
1134 4004 1368 4089 quibus
1399 4005 1702 4090 expletur
1732 4005 2078 4088 cervixque
2108 4013 2451 4089 caputque,
2504 4005 2595 4051 145

610 4087 888 4154 Vatibus
909 4091 1148 4173 ignotae
1177 4091 1395 4175 priscis
1425 4091 1563 4156 sine
1590 4091 1831 4155 honore
1859 4091 2175 4156 feruntur.
