2992 4842
1261 613 1560 659 ARATEA.

411 752 591 818 Ante
619 753 819 818 larem
846 753 1125 837 primum
1156 753 1504 838 perfectam
1534 776 1671 818 esse
1701 776 1962 820 corona.

411 837 616 903 Libra
644 839 1056 903 tumescentis
1088 850 1298 903 musto
1328 840 1494 904 bene
1523 862 1639 924 per
1666 841 1944 926 quoquit
1974 862 2149 905 uvas·

416 924 752 1008 Scorpioni
781 925 1146 1008 ingrediens
1178 936 1288 989 tua
1305 925 1468 989 libra
1495 948 1763 989 munera
1792 925 1947 990 edit.

412 1009 688 1096 Jamque
718 1010 1142 1094 sagittiferum
1173 1012 1503 1091 scandens»,
1532 1034 1647 1076 sua
1676 1033 1945 1076 munera
1973 1012 2161 1078 redit.

416 1095 596 1158 Num
628 1096 906 1182 qualaete
929 1096 1122 1159 hiemi
1145 1096 1390 1160 modice
1421 1097 1569 1160 tam’
1590 1097 1659 1160 in
1692 1098 2077 1181 capricorno.

415 1180 803 1265 Hydrocoon
834 1181 1164 1268 piscesque
1195 1183 1398 1265 agitat
1427 1183 1805 1246 saevissimus
1826 1184 2015 1248 idem.

421 1268 724 1331 Sistatuit
747 1289 968 1331 currus
1001 1289 1406 1354 quocumque
1436 1269 1505 1331 in
1538 1269 1741 1332 sidere
1771 1269 1993 1334 fessus·

419 1353 737 1436 Lanigero
769 1356 952 1417 tonat
981 1367 1048 1418 et
1077 1355 1256 1438 poeni
1284 1376 1400 1439 per
1423 1365 1605 1437 terga
1639 1354 1865 1419 leoniS.

423 1439 788 1524 Omniaque
817 1439 1068 1503 hiberni
1092 1441 1433 1524 permiscet
1462 1440 1789 1503 mensibus
1820 1451 2009 1506 astra.

419 1524 531 1588 Ad
558 1547 705 1588 cum
734 1525 1046 1609 phoebeos
1073 1548 1318 1589 mavors
1346 1524 1645 1608 effugerit
1672 1525 1871 1609 ignes·

423 1610 568 1674 Sive
587 1611 749 1674 aries
771 1611 1173 1697 germinique
1204 1612 1394 1675 deum
1421 1612 1551 1674 sive
1582 1612 1709 1674 acri
1737 1611 1960 1675 leonis.

421 1696 612 1760 Sidus
642 1707 709 1760 et
737 1711 968 1782 equate
998 1697 1228 1761 librato
1259 1697 1539 1781 pondere
1568 1697 1761 1762 caelae.

424 1781 614 1845 Sidus
635 1793 702 1847 et
731 1793 962 1868 equate
983 1783 1216 1846 librato
1243 1783 1525 1866 pondere
1552 1782 1774 1846 leonis·

424 1867 570 1930 Aut
596 1890 746 1933 arcu
776 1868 1020 1952 pollens
1049 1879 1164 1932 aut
1183 1869 1402 1931 imbris
1426 1869 1603 1931 furor
1631 1867 1919 1935 habebit,

426 1950 696 2018 Siocatis
717 1976 922 2017 caecus
952 1954 1399 2018 nebulithebet
1426 1954 1689 2017 habitur
1718 1976 1846 2018 aer.

427 2037 690 2124 Nullaq.
720 2040 1050 2123 praecipite
1081 2040 1480 2122 sagittabunt
1511 2062 1772 2124 aequora
1797 2040 1991 2106 venti.

427 2123 554 2188 His
584 2125 752 2188 idem
777 2125 954 2188 lento
984 2125 1182 2208 signis
1212 2148 1356 2190 cum
1387 2126 1683 2210 suprimit
1715 2125 1902 2208 igniS.

1825 2233 1851 2276 1

422 2294 782 2379 Velligeret
810 2295 990 2379 nigra
1019 2317 1240 2359 cursus
1269 2297 1591 2360 stantione
1622 2297 1905 2361 tenebat.

424 2381 595 2444 Tum
625 2383 847 2445 crebro
877 2403 1148 2464 magnus
1178 2390 1438 2444 tonetru
1468 2382 1828 2466 pulsabitur
1856 2382 2065 2448 aethae.

425 2466 594 2530 Tum
625 2467 906 2531 resoluta
935 2467 1114 2532 dabit
1143 2467 1398 2530 nimbus
1427 2490 1571 2532 cum
1602 2467 1911 2550 grandine
1942 2468 2152 2532 nubiS.

429 2551 560 2616 Sed
586 2553 786 2637 magis
807 2553 1094 2616 hibernae
1116 2553 1368 2617 steterit
1397 2575 1545 2617 cum
1576 2554 1782 2617 sidera
1800 2555 2021 2638 partis-

425 2637 743 2703 Effundet
770 2649 938 2703 totas
963 2639 1276 2702 violentos
1307 2640 1569 2703 numine
1598 2639 1783 2703 vireS.

427 2723 537 2789 Ad
565 2724 843 2789 modicos
871 2723 1106 2788 imbres
1134 2725 1310 2808 provi
1340 2747 1484 2788 cum
1516 2747 1755 2790 cornua
1783 2727 1969 2792 tauri.

427 2808 954 2895 Frugiferamque
983 2810 1163 2875 deam
1195 2810 1294 2873 vel
1322 2810 1678 2874 brumalem
1709 2812 2166 2894 capricornum.

430 2895 746 2978 Adigeret
771 2895 1014 2982 liquido
1043 2918 1174 2959 non
1203 2917 1406 2960 saevus
1435 2898 1518 2960 ab
1550 2896 1789 2960 aethere
1818 2897 2067 2962 fundet.

429 2981 726 3045 Incertus
753 3003 978 3045 cancro
1010 2993 1210 3046 terras
1240 3005 1386 3046 cum
1415 2982 1629 3047 letifer
1657 2992 1824 3048 ortu.

431 3066 643 3131 Strius
673 3067 885 3131 aflavit
914 3068 1234 3131 nocituros
1264 3077 1581 3152 temperat
1609 3077 1823 3131 aestus.

429 3150 725 3237 Scorpios
750 3152 1033 3237 adprime
1067 3153 1403 3237 quacolitae
1433 3153 1689 3217 cumina
1716 3154 1937 3218 cauda.

429 3238 818 3322 Frigidaque
848 3239 1126 3302 extremi
1145 3240 1281 3324 jam
1311 3239 1855 3304 claudunt-sidera
1881 3239 2107 3324 pisces,

430 3323 699 3405 Maritia
723 3346 853 3388 non
880 3323 1022 3388 illos
1055 3325 1335 3388 turbavit
1361 3325 1540 3389 itella
1570 3346 1779 3411 neque
1808 3326 2068 3391 imbres»...

429 3410 588 3474 Aud
617 3409 749 3474 ulla
777 3409 1008 3473 condet
1037 3410 1270 3474 nitidos
1292 3411 1563 3494 caligine
1592 3411 1773 3475 soles,

630 3518 659 3558 s

431 3580 560 3644 Sed
589 3581 817 3645 diforte
849 3580 1018 3644 diem
1049 3580 1252 3644 victus
1282 3581 1623 3646 mutaverit
1652 3605 1778 3646 aer.

428 3666 522 3730 Et
549 3677 773 3730 ventos
802 3678 915 3731 aut
943 3666 1171 3729 fundet
1206 3687 1372 3752 aqua
1401 3667 1826 3750 gelidissimus
1852 3670 2041 3736 unde.

429 3751 584 3816 Rim
613 3753 786 3835 rigor
815 3763 882 3816 et
909 3762 1047 3816 toto
1075 3753 1298 3816 boreas
1327 3753 1760 3818 dominabitur
1788 3756 1962 3819 orbe.

430 3838 754 3902 Adfaciles
782 3838 988 3921 glebae
1018 3837 1462 3922 bastastringit
1487 3839 1722 3922 frigore
1754 3863 1968 3905 verno,

430 3924 625 3987 Alma
653 3945 852 3988 venus
877 3923 1137 4008 pecudis
1167 3923 1335 3987 claro
1364 3946 1507 3987 cum
1539 3926 1779 3989 vellure
1802 3925 2001 3990 fulsiS.

433 4009 781 4074 Sublucem
811 4010 1108 4072 exoriens
1139 4009 1486 4096 eademque
1518 4011 1631 4074 ubi
1664 4022 1948 4094 tempore
1976 4011 2218 4075 eodem.

384 4120 386 4123 ·
430 4095 800 4159 AEtherium
829 4096 1006 4159 venit
1037 4095 1547 4180 Taurumsuper
1574 4096 1886 4160 imbribus
1916 4098 2069 4164 atris

429 4181 520 4246 Et
543 4181 791 4246 tonitru
817 4181 1165 4266 crebraque
1196 4181 1528 4245 abscondit
1556 4182 1863 4266 grandine
1896 4195 2110 4248 terras,

2318 596 2395 660 21

2346 841 2403 887 15

2344 1270 2410 1317 20

2345 1697 2407 1746 25

2346 2132 2410 2177 30

2348 2642 2411 2687 35

2346 3068 2411 3114 40

2348 3584 2412 3630 45

2352 4015 2414 4060 53
