2992 4842
1002 561 1074 596 An
1099 561 1456 596 sumnonem
1480 561 1717 596 Anarta.
2301 548 2381 597 lxv

384 692 472 743 A.;
507 688 638 736 unde
661 687 888 800 ᾶὲἰὲιοερε
911 687 970 736 ad
993 693 1092 736 tres
1113 687 1367 736 dumtaxat
1388 687 1512 736 edd.
1538 687 1698 736 BEG.
1736 685 1956 750 ejusdem
1976 687 2176 736 familie
2202 688 2383 736 redacti

385 753 689 804 ουσιαι-Ο

451 817 565 868 587.
601 819 744 865 Altus
780 816 942 875 Athos,
980 813 1085 878 aa]
1122 814 1281 864 Athos
1321 822 1395 864 est
1435 831 1578 864 mons
1624 815 1945 876 Chalcidicas,
1982 831 2093 878 quae
2134 823 2207 864 est
2248 816 2382 878 regio

387 883 708 932 Macedoniae.
774 881 900 929 Vide
941 880 1140 930 Cellarii
1179 881 1338 929 Notit.
1375 882 1493 929 Orb.
1534 880 1706 945 Antiq.
1728 881 1811 930 lib.
1836 884 1909 932 11.
1932 898 1975 931 c.
2006 883 2081 940 13,
2104 897 2214 944 pag.
2240 883 2381 930 1052.

387 949 453 997 Ei
475 946 634 996 multa
655 946 830 1009 oppida
843 946 1005 994 vicina
1025 953 1179 995 erant.
1250 944 1468 1008 Cyllene]
1494 961 1637 994 mons
1660 946 1927 996 altissimus
1950 947 2189 994 Arcadiae.
2239 945 2380 994 Idem

388 1012 630 1061 Cellarius
663 1012 832 1060 eodem
862 1011 986 1059 libro
1019 1016 1071 1059 et
1104 1009 1276 1072 capite,
1309 1025 1356 1072 p.
1384 1013 1523 1058 1222.
1595 1010 1836 1060 Candidus
1856 1009 2077 1073 Haemus]
2102 1011 2153 1058 id
2175 1017 2249 1058 est
2270 1010 2381 1058 nive

384 1079 540 1126 ferme
562 1082 796 1139 perpetuo
818 1083 992 1124 tectus.
1061 1074 1159 1122 Est
1189 1089 1331 1122 mons
1364 1075 1624 1123 Thraciam
1660 1077 1941 1126 terminans.
2010 1076 2251 1124 Cellarius
2271 1075 2381 1124 libr.

383 1143 464 1191 cit.
488 1158 532 1190 c.
560 1143 668 1254 15,B
657 1157 719 1253 ιδ
734 1139 1357 1252 129Zqu.-SCH.—
1375 1139 1594 1204 Cyllene]
1619 1141 1678 1188 de
1700 1156 1748 1204 g.
1772 1141 1966 1192 emend.
1988 1141 2058 1190 ab.
2092 1139 2293 1189 chillene
2318 1139 2379 1188 E.

448 1208 590 1254 illene
756 1231 834 1252 .—

384 1223 564 1320 φι688.
601 1221 870 1332 Θανρῖινοε]
896 1270 1146 1317 Cacumen
1166 1268 1348 1316 montis
1368 1267 1472 1316 16ae
1493 1269 1546 1316 in
1566 1268 1743 1332 Mysia.
1800 1270 1865 1319 Ei
1880 1270 2069 1332 adjacet
2080 1275 2130 1316 et
2146 1268 2380 1331 oppidum

387 1337 620 1399 Gargara.
669 1334 910 1383 Cellarius
932 1333 1018 1382 lib.
1036 1333 1141 1381 ΙΙΙ.
1163 1348 1204 1381 c.
1228 1334 1274 1390 3,
1297 1348 1406 1395 pag.
1426 1335 1506 1392 44,
1529 1336 1609 1382 45.
1659 1333 1915 1399 Olympus]
1936 1350 2077 1382 mons
2095 1333 2380 1382 Thessaliae.

383 1401 626 1450 cellarius
651 1399 728 1447 ΙΙ.
761 1415 803 1448 e.
831 1401 908 1457 13,
941 1413 1052 1461 pag.
1076 1397 1833 1462 1680.—SCH.---Gar9aron
1853 1407 1941 1448 aut
1965 1397 2071 1462 Ide]
2109 1398 2189 1445 Sic
2212 1413 2377 1445 emen-

384 1466 488 1513 dari
503 1465 654 1528 jussit
671 1480 720 1527 g.
762 1465 1016 1526 Gcrqaron
1037 1470 1124 1511 aut
1149 1463 1266 1509 Iden
1289 1462 1399 1510 BE.
1455 1463 1699 1526 Garyaros
1718 1471 1807 1512 aut
1826 1465 1913 1513 Ide
1934 1480 1972 1512 s.
2023 1464 2273 1524 Garyaron
2294 1468 2381 1508 aut

382 1529 478 1578 Ida
497 1531 542 1578 b.
584 1529 806 1591 Garyaro
827 1529 964 1576 nauti
993 1529 1109 1576 dens
1144 1527 1239 1589 Gg.
1287 1526 1457 1588 (Ibid.)
1489 1527 1727 1592 agitatus]
1763 1529 1941 1578 Malim
1979 1526 2205 1592 equidem
2242 1524 2377 1574 habi-

383 1594 706 1643 tama—OR-

448 1661 564 1708 589.
603 1658 733 1706 Tum
753 1656 986 1719 g.—OR.

449 1725 560 1773 591.
603 1722 857 1771 Tithonius
892 1719 1047 1784 ortus]
1096 1720 1147 1769 id
1181 1727 1270 1778 est,
1311 1725 1506 1784 tempus
1544 1722 1765 1774 diluculi.
1833 1723 1927 1772 Est
1961 1723 2093 1772 enim
2136 1721 2379 1769 Tithonus

383 1787 590 1836 Aurorae
612 1787 834 1846 marituS,
871 1801 1017 1849 quem
1050 1785 1136 1833 illa
1167 1785 1222 1832 in
1254 1784 1561 1849 AEthiopiam
1581 1789 1795 1838 abduxit.
1862 1787 2094 1852 Apollod.
2116 1785 2247 1835 Bibl.
2275 1785 2378 1834 111.

383 1867 428 1901 c.
458 1855 532 1910 11,
555 1855 579 1912 ς
603 1851 868 1900 4.-SCH.
1015 1849 1231 1912 Veniens]
1257 1850 1316 1897 de
1337 1865 1386 1912 g.
1408 1851 1533 1913 conj.
1560 1855 1632 1900 sb.
1666 1862 1829 1903 ventus
1850 1851 2224 1914 BEGg.—OB..

449 1918 558 1966 592.
600 1919 716 1964 Cum
733 1919 888 1978 primo
911 1914 1158 1977 cancrum]
1195 1915 1422 1976 Sequitur
1448 1931 1560 1978 pars
1582 1918 1725 1966 tertia
1742 1934 1803 1966 ex
1824 1918 2059 1965 divisione
2080 1922 2260 1971 nostra,
2296 1915 2377 1962 cui

381 1982 674 2044 astipulatur
693 1981 948 2038 Leontius,
969 1981 1110 2042 cujus
1129 1981 1272 2028 verba
1290 1980 1480 2027 brevius
1493 1982 1732 2030 referam:
1768 1981 1935 2030 Ἀλλὰ
1956 1981 2051 2046 μὲν
2073 1979 2189 2028 ὄυτε
2211 1979 2373 2027 ἐκεῖνο

382 2045 570 2095 λαθεῖν
607 2046 706 2111 χρὴ
743 2043 824 2093 ὅτι
857 2043 953 2092 τὸν
987 2045 1106 2108 περὶ
1141 2046 1248 2092 τῶν
1281 2041 1513 2108 ἀστέρων
1537 2044 1701 2110 λόγον
1734 2045 1805 2103 εἰς
1838 2046 1954 2111 τρία
2024 2043 2109 2109 ἐρη
2148 2041 2325 2108 διαιρεῖ
2346 2043 2375 2092 ὁ

374 2107 614 2175 ''Apus-oc·
639 2110 723 2159 καὶ
757 2109 815 2158 ἐν
847 2109 944 2173 μὲν
967 2112 1037 2156 τῶ
1072 2109 1260 2173 πρώτῳ
1295 2105 1518 2157 ὃίὸάσκει
1540 2113 1660 2176 περὶ
1682 2113 1779 2169 τῆς
1800 2111 1932 2175 πρὸς
1956 2110 1989 2157 ά
2064 2110 2166 2168 ηλα
2198 2107 2378 2157 ἀυτῶν

381 2173 586 2234 θέσεως.
619 2173 677 2223 ἐν
711 2171 762 2221 δὲ
797 2175 874 2235 τῷ
905 2171 1121 2237 δευτέρῳ
1143 2173 1259 2236 περὶ
1292 2174 1391 2231 τῆς
1422 2173 1681 2238 νοεμὲνης
1715 2175 1893 2224 ἀυτῶν
1914 2174 2019 2224 ὑπὸ
2044 2175 2150 2223 τῶν
2172 2171 2376 2222 κύκλων

383 2243 567 2305 τομῆς,
603 2239 638 2299 ἥ
677 2236 965 2288 ὁποιασοῦν
1003 2240 1179 2290 ἀυτῶν
1223 2239 1352 2302 πρὸς
1385 2241 1506 2298 τοὺς
1544 2238 1764 2298 κύκλους
1799 2239 2037 2304 σχέσεως·
2101 2237 2194 2286 Ἐν
2218 2236 2267 2286 δὲ
2303 2241 2380 2300 τῷ·

377 2305 566 2369 λοιπῷ,
587 2323 591 2344 =
613 2306 730 2369 περὶ
766 2307 864 2363 τῆς
901 2303 1184 2369 γενομένης
1226 2305 1402 2356 ἀυτῶν
1439 2306 1572 2370 πρὸς
1614 2305 1679 2354 τὰ
1722 2304 2086 2356 ἀνατέλλοντα
2122 2301 2247 2368 μέρη
2290 2306 2380 2352 τοῦ

390 2368 644 2420 Ζωὸιαεοῢ
664 2369 908 2427 στάσεως.
936 2371 1037 2418 GR.
1066 2370 1232 2418 Thetis
1245 2372 1442 2419 dimittit
1454 2373 1509 2419 in
1525 2370 1698 2433 auras]
1716 2373 1764 2420 id
1778 2381 1865 2428 est,
1881 2387 1993 2418 cum
2012 2370 2198 2417 Cancer
2210 2369 2380 2420 oritur.

389 2435 557 2484 Thetis
577 2437 669 2484 dea
687 2437 891 2492 marina,
913 2435 1015 2482 filia
1033 2436 1196 2491 Nerei,
1221 2436 1355 2483 Pelei
1379 2451 1519 2492 uxor,
1548 2444 1705 2484 mater
1727 2436 1955 2485 Achillis.
2019 2433 2247 2497 Apollod.
2272 2435 2298 2482 I
2304 2434 2377 2482 ΙΙ.

381 2516 423 2548 c.
455 2503 529 2558 12,
555 2503 579 2560 §
602 2503 648 2559 5,
674 2501 720 2549 6.
789 2499 1037 2548 Homerus
1060 2499 1200 2548 Iliad.
1238 2501 1303 2549 A.
1371 2501 1482 2548 Hoc
1520 2500 1627 2548 loco
1668 2515 1751 2564 pro
1784 2501 1908 2548 mari
1943 2500 2153 2563 ponitur,
2188 2515 2248 2546 ex
2281 2514 2378 2561 quo

381 2570 536 2628 poetae
574 2564 742 2613 stellas
785 2579 1034 2626 emergere
1071 2565 1499 2626 fingunt.—SCH.
1632 2564 1883 2628 Primum]
1934 2565 1993 2612 de
2037 2579 2083 2625 g.
2129 2565 2257 2626 conj.
2302 2565 2373 2612 sb.

373 2634 546 2742 1)ήὸιῆ
560 2630 753 2692 BEGg.
801 2629 974 2694 (Ibid.)
1012 2627 1210 2693 Thetys]
1235 2630 1283 2679 b.
1317 2629 1458 2678 techas
1479 2630 1589 2678 BE.
1645 2629 1813 2679 Thetis
1848 2646 1888 2678 s.
1934 2629 2136 2678 dimittit
2172 2643 2213 2676 s.
2250 2629 2377 2690 conj.

448 2760 560 2808 593.
594 2756 822 2820 Minoiae]
848 2756 983 2820 Lege
1005 2757 1192 2807 Minoa·
1213 2758 1502 2806 obversum.
1568 2759 1647 2806 Ita
1664 2759 1826 2806 Graeci
1842 2755 2069 2812 Μινώἳος
2086 2761 2135 2804 et
2152 2757 2375 2818 Μινῷος.
2402 2765 2405 2772 “

385 2822 707 2871 Gra—SCH.
840 2821 1050 2885 Minoae]
1076 2824 1134 2871 de
1156 2839 1205 2884 g.
1230 2823 1418 2871 emend.
1445 2824 1515 2872 sb.
1550 2823 1733 2871 minoiae
1755 2822 2134 2885 BEGg.—OB.

446 2889 559 2936 594.
598 2887 784 2935 Occidit
815 2893 862 2936 et
893 2889 1064 2935 dorsus
1087 2886 1259 2951 piscis]
1299 2888 1447 2950 Lege,
1487 2887 1671 2936 Occidit
1706 2894 1752 2936 et
1786 2889 1921 2935 dorso
1956 2889 2107 2950 piscis
2138 2885 2380 2948 caudaque

375 2955 554 3014 priore.
629 2951 796 3000 Gauda
821 2955 984 3015 priore
1007 2952 1143 3010 dixit,
1179 2967 1275 2999 non
1299 2954 1437 3013 quasi
1462 2953 1583 3000 duas
1605 2953 1797 3010 habeat,
1835 2952 1963 3014 quod
1988 2948 2270 3008 ἀδύνατον,
2293 2949 2379 2997 sed

381 3017 496 3078 quia
517 3017 670 3064 cauda
691 3017 849 3078 priore
871 3017 1066 3064 occidit.
1131 3015 1373 3071 ἐξόπιθεν
1395 3015 1755 3082 τετραμμένος,
1773 3017 1971 3073 Aratus,
1994 3031 2038 3064 v.
2055 3015 2116 3067 57
2122 3017 2166 3062 5.
2204 3015 2379 3062 Gnor.

381 3082 546 3130 Piscis
582 3087 746 3129 autem
787 3081 1090 3142 significatur
1123 3080 1917 3144 austrinus.—SCH.—Dorso]
1969 3081 2028 3128 de
2061 3095 2113 3142 g.
2142 3081 2269 3141 conj.
2306 3079 2377 3127 sb.

380 3147 544 3194 dorsus
568 3146 949 3208 BEGg.—OB..

447 3211 558 3258 595.
594 3211 840 3272 Merqiem·
859 3214 910 3258 in
933 3215 1052 3258 totos
1085 3209 1277 3258 humero
1309 3212 1360 3257 O.
1385 3227 1422 3258 e.
1447 3212 1513 3258 A.
1586 3209 1771 3260 Ultima
1792 3209 1944 3257 cauda
1964 3210 2144 3257 micat:
2175 3213 2307 3256 ortus
2327 3208 2378 3257 Ῐι.

379 3276 415 3323 i.
441 3273 500 3338 t.]
540 3275 748 3323 Videtur
781 3275 862 3324 hic
895 3275 1062 3323 deesse
1099 3289 1285 3324 versus.
1352 3275 1422 3322 Et
1453 3275 1745 3337 jamdudum
1781 3274 2029 3322 observavi
2049 3273 2101 3320 in
2124 3272 2267 3320 tertia
2286 3273 2379 3320 hac

380 3348 515 3402 parte
548 3346 634 3388 aut
669 3340 1017 3388 Germanicum
1052 3339 1314 3387 admodum
1352 3340 1683 3402 negligentem
1718 3339 1869 3386 fuisse
1899 3339 1953 3387 in
1986 3338 2139 3386 Arato
2172 3337 2379 3385 transfe-

379 3406 544 3462 rendo,
583 3411 670 3452 aut
691 3405 1008 3466 exscriptores
1043 3404 1273 3466 quicquid
1295 3404 1556 3466 repetitum
1577 3404 1823 3452 videretur
1842 3419 1930 3452 suo
1954 3418 2090 3451 more
2112 3402 2379 3450 induxisse.

381 3469 588 3518 Dixerat
615 3469 813 3525 Aratus,
850 3485 897 3518 v.
921 3470 1033 3526 575,
1058 3469 1184 3518 576:
1220 3469 1325 3516 Τὸν
1360 3465 1410 3516 δὲ
1449 3468 1535 3516 καὶ
1581 3466 1651 3525 εἰς
1695 3465 1733 3516 ὥ
1775 3484 1864 3526 ους
1904 3466 2116 3532 κατάγει
2156 3466 2381 3531 μογερὸν

381 3532 629 3596 ὀφιοῦχον
651 3531 909 3596 Καρκίνος
931 3531 985 3581 ἐκ
1006 3531 1261 3596 γονάτων·
1285 3531 1499 3596 κατάγει
1518 3530 1562 3579 δ’
1582 3532 1699 3597 ὄφιν
1758 3531 1944 3597 υχένος
1965 3531 2137 3597 ἐγγύς.
2203 3533 2379 3594 Itaque

378 3613 442 3646 ne
476 3599 598 3646 nihil
638 3598 872 3659 dicamus,
911 3598 1003 3646 hoo
1037 3599 1308 3646 afferemus.
1378 3597 1559 3646 Versus
1600 3613 1748 3661 supra
1786 3614 1915 3646 unus
1952 3603 2199 3662 supererat
2235 3596 2378 3644 talis:

383 3663 518 3711 Nixa
553 3678 678 3725 yenu
699 3664 858 3724 facies
893 3668 938 3710 et
967 3666 1142 3742 primis
1177 3665 1363 3724 iynibus
1385 3665 1568 3725 amuis.
1636 3663 1798 3712 Possit
1814 3663 1965 3710 videri
1990 3677 2157 3711 versus
2176 3660 2260 3708 ille
2280 3661 2380 3709 huc

377 3729 636 3790 pertinere.
703 3727 837 3774 Nam
859 3742 944 3789 pro
965 3743 1018 3774 εκ
1042 3727 1280 3791 γονάτων
1303 3727 1492 3775 videtur
1516 3727 1747 3790 Hyginus
1769 3727 1915 3775 etiam
1938 3725 2186 3790 ἑγγόνασι
2207 3725 2379 3787 egisse.

379 3793 514 3841 Nam
552 3799 601 3841 et
633 3791 718 3840 ille
757 3792 1045 3855 Engonasin
1087 3793 1274 3840 Cancro
1313 3793 1496 3840 oriente
1534 3792 1863 3840 occidentibus
1900 3796 2201 3839 annumerat.
2284 3789 2381 3837 Sed

379 3857 662 3919 diligentius
695 3857 975 3919 inspicienti
1013 3857 1154 3904 facile
1194 3857 1456 3920 apparebit,
1495 3856 1691 3904 nullum
1712 3857 1793 3904 hic
1817 3865 2026 3903 erratum
2060 3853 2257 3911 librarii,
2295 3853 2381 3901 sed

377 3922 541 3985 potius
568 3922 878 3970 Germanici:
914 3921 1157 3984 Meryitur
1169 3925 1222 3969 in
1235 3927 1356 3969 totos
1377 3921 1593 3970 humeros
1621 3920 1905 3984 Ophiuchus,
1926 3926 1974 3968 et
1986 3919 2169 3983 Anguis
2197 3917 2380 3966 Ultima

379 3987 533 4034 cauda
567 3989 714 4035 micat
732 4003 748 4033 .-
781 3992 929 4035 tortus
965 3985 1104 4035 habet
1141 3987 1222 4034 ille
1263 3987 1504 4034 timendos.
1574 3986 1705 4034 Illud
1730 3983 1782 4033 ἐκ
1803 3982 2043 4048 γονάτων
2077 3984 2251 4033 merito
2288 3998 2377 4030 ne-

377 4051 548 4115 glexit,
591 4051 706 4115 quia
745 4066 844 4100 non
881 4056 1040 4114 potest
1087 4051 1376 4115 Ophiuchus
1413 4050 1630 4100 occidere
1665 4051 1727 4098 ad
1770 4049 2017 4106 humeros,
2060 4049 2155 4099 nisi
2178 4049 2239 4096 ab
2261 4047 2381 4111 ipsis
