2992 4842
8 4323 40 4380 Υ

1317 587 1627 634 senona.
2346 561 2353 568 ’
2380 566 2465 630 37

469 725 814 793 honorifice
843 727 1029 792 astris
1055 726 1326 792 illatum.
1417 726 1721 810 Nigidius
1743 723 1959 801 refert,
1986 723 2156 788 hunc
2180 721 2469 788 Leonem

469 815 792 878 nutritum
821 814 996 898 apud
1028 812 1283 876 Lunam
1305 813 1494 898 jussu
1527 812 1569 875 J
1574 810 1825 888 nnoniS,
1858 820 1925 874 et
1953 811 2022 872 in
2050 820 2223 874 terra
2265 809 2469 874 Arca-

473 900 577 964 dia
614 900 985 982 in.regione
1036 896 1322 962 Nemaeae
1367 898 1436 961 in
1481 898 1785 982 spelunca
1814 895 2179 960 Mihdimon
2210 895 2469 961 nomine

470 985 691 1061 fuerit,
723 1007 920 1069 quam
951 985 1213 1069 quidam
1243 983 1527 1068 Aphriso
1567 983 1816 1059 dicunt,
1867 993 1935 1045 et
1978 983 2157 1045 'ussu
2191 981 2236 1045 J
2235 981 2469 1046 unonis

474 1071 557 1133 ad
605 1069 910 1134 Herculis
959 1069 1235 1133 exitium
1279 1069 1630 1146 dimissum,
1668 1090 1863 1154 quem
1986 1066 2229 1132 ercules
2275 1069 2469 1151 jussu

475 1154 828 1240 Eurysthei
866 1155 1193 1219 interfecit
1235 1177 1380 1219 cum
1425 1153 1762 1219 Molorcho
1802 1153 2056 1238 hospite
2096 1175 2234 1230 suo,
2282 1154 2469 1238 cujus

475 1241 717 1305 clavam
743 1263 862 1325 pro
892 1240 1134 1304 viribus
1166 1241 1474 1305 tributam
1504 1239 1817 1324 principio
1847 1251 1947 1302 est
1986 1238 2279 1323 adeptus,
2321 1260 2469 1302 cum

477 1349 608 1411 qua
655 1326 941 1390 Leonem
984 1326 1329 1403 interfecit,
1377 1325 1595 1411 itaque
1643 1335 1865 1409 postea
1889 1325 2061 1388 clava
2090 1345 2209 1408 pro
2232 1322 2469 1408 gladio,

476 1412 644 1496 pelle
673 1433 791 1496 pro
821 1422 1004 1475 scuto
1033 1412 1282 1496 reliquo
1311 1422 1601 1495 tempore
1624 1411 1723 1474 uti
1752 1410 1973 1494 coepit,
2024 1420 2091 1474 et
2117 1409 2292 1495 apud
2337 1431 2471 1473 om-

479 1519 592 1561 nes
623 1496 920 1562 mortales
952 1507 1174 1580 gratus
1205 1497 1288 1561 ob
1325 1496 1634 1561 virtutem
1672 1495 1893 1559 haberi
1932 1495 2176 1580 coepit3
2223 1494 2267 1559 J
2270 1494 2470 1558 unoni

403 1652 410 1656 ,
477 1605 668 1667 porro
695 1583 898 1666 magis
919 1583 1066 1646 odio
1096 1605 1256 1647 esse.
1347 1580 1765 1666 Quapropter
1793 1581 2045 1644 leonem
2073 1580 2314 1645 caelesti
2340 1602 2473 1644 me-

477 1670 680 1732 moria
709 1668 1046 1752 dignatum
1078 1668 1406 1732 voluntate
1435 1666 1480 1730 J
1481 1667 1711 1730 unonis
1741 1688 1857 1730 nos
1886 1667 2291 1731 arbitramur.
2343 1664 2471 1730 Hic

479 1753 783 1817 notabilis
817 1765 885 1817 et
910 1753 1232 1817 maximus
1259 1752 1432 1817 inter
1471 1753 1659 1836 signa
1688 1763 1804 1817 est.
1895 1750 2199 1836 Plerique
2242 1751 2471 1815 volunt

483 1839 772 1903 Nemaeae
820 1838 1150 1922 gymnicos
1197 1838 1386 1902 ludos
1434 1839 1517 1902 ob
1563 1837 1736 1901 hunc
1784 1835 2070 1902 Leonem
2114 1837 2469 1902 institutos.

485 1924 615 1988 Hic
655 1935 830 1988 totus
867 1925 1208 2007 figuratur.
1301 1923 1525 1988 Habet
1562 1923 1799 2000 stellas,
1849 1924 1919 1987 in
1959 1922 2167 2008 capite
2207 1933 2359 2000 tres,
2400 1922 2471 1986 in

482 2011 644 2074 collo
682 2010 860 2085 duas,
905 2010 974 2072 in
1011 2020 1270 2093 pectore
1305 2009 1540 2073 claram
1587 2031 1805 2085 unam,
1852 2009 1923 2072 in
1970 2009 2155 2092 spina
2200 2019 2353 2085 tres,
2401 2007 2472 2071 in

483 2096 686 2160 cauda
727 2095 939 2159 media
983 2116 1202 2172 unam,
1244 2095 1316 2158 in
1360 2093 1591 2158 ultima
1628 2094 1831 2158 cauda
1866 2094 2104 2158 claram
2144 2116 2361 2171 unam,
2400 2092 2471 2157 in

482 2181 694 2246 medio
733 2190 955 2244 ventre
995 2203 1214 2257 unam,
1255 2180 1375 2243 sub
1412 2191 1674 2265 pectore
1715 2180 1892 2258 duaS,
1938 2181 2008 2244 in
2048 2181 2259 2264 priore
2308 2179 2470 2264 pede

480 2266 716 2331 claram
745 2289 962 2343 unam,
995 2267 1115 2329 sub
1146 2275 1365 2329 ventre
1397 2287 1599 2335 unam
1618 2265 1871 2342 claram,
1905 2265 1977 2329 in
1999 2264 2211 2330 medio
2232 2265 2473 2329 ventris

481 2373 699 2429 unam,
739 2352 810 2415 in
855 2351 1204 2436 posteriore
1247 2350 1410 2436 pede
1449 2350 1681 2415 claram
1722 2373 1943 2428 unam,
1983 2351 2055 2415 in
2094 2372 2267 2435 genu
2298 2360 2473 2434 post-

481 2438 672 2501 eriori
707 2437 942 2500 claram
989 2459 1206 2501 unam.
1295 2436 1495 2500 Fiunt
1542 2459 1763 2500 omnes
1824 2437 2045 2502 decem
2095 2446 2163 2501 et
2219 2458 2469 2501 novem.

480 2521 810 2589 Videntur
839 2522 982 2585 aliae
999 2523 1204 2586 stellae
1228 2522 1517 2586 obscurae
1539 2533 1783 2607 septem
1796 2522 1997 2607 juxta
2016 2523 2283 2587 caudam
2308 2523 2471 2606 ejuS,

483 2630 633 2692 quae
660 2619 968 2672 vocantur
995 2608 1200 2672 crines
1233 2607 1596 2684 Berenices,
1628 2618 1695 2672 et
1724 2618 1877 2672 sunt
1907 2629 2125 2672 earum
2152 2606 2471 2692 virginum

484 2716 633 2778 quae
662 2692 874 2757 Lesbo
897 2693 1250 2778 perierunt.
1342 2693 1467 2757 Illa
1495 2704 1711 2757 autem
1742 2715 1974 2777 magna
2002 2703 2070 2758 et
2098 2692 2287 2770 clara,
2321 2716 2470 2777 quae

482 2779 552 2842 in
627 2789 836 2842 ectore
860 2781 998 2863 ejus
1027 2788 1147 2854 est,
1181 2778 1541 2862 appellatur
1568 2777 1927 2863 Tyberone.

570 2802 701 2928 fiio
739 2863 1015 2947 agitator
1055 2863 1515 2928 Erichthonius
1553 2864 1789 2928 dicitur
1836 2865 2029 2929 fuisse
2077 2863 2352 2930 Vulcani
2404 2875 2473 2928 et

482 2947 800 3013 Minervae
848 2950 1042 3013 filius.
1134 2947 1272 3014 Qui
1311 2948 1644 3014 Vulcanus
1683 2972 1831 3014 cum
1871 2950 2015 3014 Jovi
2052 2951 2297 3014 fulmen
2335 2949 2473 3013 effi-

482 3045 676 3112 ceret,
702 3035 785 3099 ab
815 3034 972 3098 Jove
1002 3035 1383 3117 promissum
1412 3034 1630 3119 coepit,
1662 3047 1738 3099 ut
1760 3035 2069 3120 quicquid
2096 3035 2288 3100 vellet
2306 3058 2473 3119 prae-

483 3129 785 3184 sumeret.
879 3118 1001 3182 Ille
1034 3118 1391 3186 Minervam
1422 3120 1492 3182 in
1514 3121 1853 3204 conjugem
1879 3122 2123 3206 petivit.
2214 3121 2472 3205 Jupiter

482 3205 822 3290 imperavit
855 3205 1193 3280 Minervae,
1223 3217 1300 3269 ut
1329 3206 1766 3288 virginitatem
1796 3207 2185 3273 defenderet.
2261 3206 2471 3271 Dum-

485 3313 610 3375 que
641 3291 1006 3354 cubiculum
1032 3291 1392 3368 introirent,
1426 3292 1726 3355 certando
1771 3289 2105 3356 Vulcanus
2142 3313 2361 3356 semen
2397 3291 2470 3355 in

531 3376 921 3440 avimentum
952 3375 1133 3460 jecit,
1175 3377 1348 3440 unde
1386 3387 1577 3440 natus
1616 3387 1715 3440 est
1754 3377 2235 3456 ErichthoniuS,
2278 3399 2470 3462 quem

483 3399 780 3526 Klinerva
807 3461 874 3524 in
893 3462 1050 3525 cista
1073 3462 1420 3538 abscondit,
1446 3462 1849 3548 draconeque
1867 3464 2129 3528 custode
2154 3464 2468 3548 apposito,

483 3547 736 3610 duabus
785 3547 1104 3610 sororibus
1147 3547 1436 3630 Aglauro
1482 3559 1551 3610 et
1597 3547 1925 3612 Pandroso
1982 3549 2465 3614 commendavit.

486 3630 616 3695 Hic
643 3632 889 3716 primus
917 3653 1140 3695 currus
1167 3633 1456 3697 homines
1485 3634 1667 3716 equis
1685 3635 1929 3719 junctis
1977 3636 2195 3699 docuit
2233 3634 2471 3698 similes

483 3717 814 3801 quadrigae
835 3717 982 3780 solis
998 3717 1224 3783 facere.
1286 3715 1574 3781 Primum
1595 3719 2029 3785 Panathenaea
2046 3719 2473 3798 constituisse,

482 3825 692 3866 arcem
721 3803 1164 3887 templumque
1195 3802 1539 3867 aedificasse
1570 3805 1823 3883 dicitur,
1856 3828 2048 3890 quem
2080 3805 2336 3889 Jupiter
2358 3805 2473 3867 mi-

481 3897 659 3951 ratus
687 3888 873 3952 astris
902 3899 1232 3972 receptum
1261 3891 1586 3953 memoriae
1626 3891 1909 3956 tradidit.
2001 3889 2083 3953 In
2123 3891 2240 3953 hoc
2286 3889 2470 3972 signo

483 3982 549 4035 et
582 3972 792 4058 Capra
820 3985 938 4050 est,
981 3996 1176 4057 quam
1205 3975 1274 4038 in
1301 3974 1569 4038 humero
1609 3986 1845 4059 portat,
1890 3998 2035 4060 quae
2082 3975 2307 4039 Jovem
2347 3997 2469 4038 nu-

485 4058 680 4123 trivit.
773 4056 1072 4143 Itemque
1105 4061 1244 4144 ejus
1273 4060 1388 4124 filii
1422 4059 1649 4139 Hoedi,
1684 4083 1844 4145 quos
1870 4063 2091 4146 auriga
2112 4062 2176 4125 in
2210 4059 2469 4125 brachio
