2992 4842
1075 552 1146 588 An
1171 553 1526 589 PHAENOMENA
1551 552 1785 588 snum.
2256 539 2424 589 xxxvii

423 683 576 725 ment.
612 675 894 726 Astronom.
931 690 1044 739 pag.
1069 675 1747 726 14.-SCH.—-omittunt
1778 682 1877 725 tres
1899 690 1974 725 vr.
1998 674 2235 727 315-817.
2268 675 2419 725 AFP.

427 742 625 789 Habent
647 741 988 789 BEG.—OR.

488 807 602 855 316.
632 807 773 854 Jovis
791 804 913 867 ales]
951 805 1011 852 Id
1035 812 1123 863 est,
1155 805 1332 869 aquila,
1373 805 1458 867 qui
1493 804 1595 852 ales
1632 804 1744 853 Jovi
1778 803 2082 863 adscribitur,
2118 810 2175 853 ut
2196 804 2304 853 aliis
2326 805 2421 853 diis

422 870 523 919 alii.
587 871 778 918 Plinius
799 870 866 917 X.
903 887 945 919 c.
969 872 1016 917 5.
1083 870 1315 931 Hyginus
1348 870 1484 919 Post.
1522 871 1725 921 Astron.
1761 869 1846 917 lib.
1870 870 1944 919 ΙΙ.
1978 870 2231 933 deaquila.
2300 870 2422 917 Ovi-

424 935 534 982 dius
557 935 688 982 Fast.
712 934 804 983 VI.
829 950 875 983 v.
903 934 1234 983 196.-—SCH.

489 999 600 1048 317.
630 1000 773 1047 Jovis
805 999 1036 1062 amiqer]
1073 999 1152 1046 Sic
1173 998 1389 1061 loquitur
1409 998 1557 1047 etiam
1579 997 1752 1060 Virgil.
1782 998 1900 1046 AEn.
1925 998 2018 1045 IX.
2054 999 2169 1048 564.
2238 998 2423 1047 Statius

421 1064 578 1113 Theb.
621 1063 723 1111 ΙΙΙ.
763 1066 876 1122 532,
914 1070 966 1112 et
1000 1064 1206 1112 Flaccus
1240 1067 1490 1125 Argonaut
1525 1062 1569 1110 Ι.
1604 1062 1652 1111 b.
1689 1062 1763 1111 ΙΙ.
1801 1078 1845 1111 v.
1878 1063 2003 1111 416:
2043 1062 2175 1119 Quin
2202 1068 2250 1110 et
2284 1063 2422 1111 Jovis

421 1130 749 1241 tuffam?
767 1130 956 1240 ¹333&
965 1127 1246 1241 233⁹?ss
1267 1128 1596 1239 5253ss
1616 1126 1997 1254 wssit¹²⁸f⁶¹⁹u1m⁶⁵²
1996 1144 2085 1241 ἒξ
2118 1126 2371 1241 Ξέῗῗῗεέ
2378 1129 2421 1241 ¹3

421 1257 692 1305 volucribus
723 1258 954 1321 aquilam,
993 1274 1093 1321 quoe
1115 1257 1172 1305 ob
1195 1257 1281 1304 hoc
1301 1259 1537 1319 urmiqem
1569 1254 1711 1318 hujus
1731 1258 1815 1305 teli
1825 1260 2055 1320 finyitur.
2120 1257 2253 1305 Add.
2274 1256 2421 1307 Idem

420 1321 486 1368 X.
511 1337 555 1370 c.
579 1324 626 1379 3,
647 1328 767 1369 extr.
835 1322 929 1369 Sed
965 1323 1160 1371 Servius
1184 1322 1246 1369 ad
1274 1315 1469 1369 AEneid.
1499 1321 1594 1369 IX.
1618 1323 1731 1381 564,
1768 1322 1935 1370 scribit
1952 1322 2023 1371 ita
2042 1322 2102 1371 de
2123 1322 2216 1369 hac
2250 1322 2419 1384 appel-

421 1385 603 1433 latione
637 1386 848 1448 aquilae:
885 1391 1000 1449 quia
1035 1389 1208 1435 dicitur
1242 1386 1408 1449 aquila
1430 1390 1484 1433 in
1506 1385 1628 1433 bello
1666 1387 1901 1449 quanteo
1936 1388 2056 1434 Jovi
2084 1402 2221 1435 anna
2254 1390 2419 1435 minis-

421 1452 572 1498 trasse
593 1467 608 1497 .-
659 1452 787 1513 quod
828 1456 987 1499 tamen
1013 1452 1242 1513 fingitur.
1337 1452 1480 1508 Nam,
1522 1456 1579 1499 ut
1610 1466 1755 1513 supra
1796 1452 2017 1511 diximus,
2057 1466 2187 1513 reyes
2214 1452 2420 1511 fluerunt

416 1515 612 1577 Jupiter
631 1521 679 1561 et
704 1515 956 1564 Saturnus.
1025 1515 1121 1562 Sed
1139 1516 1252 1562 dmm
1271 1515 1466 1576 Jupiter
1485 1530 1593 1563 cum
1617 1520 1759 1578 patre
1780 1515 1987 1563 Saturno
2006 1515 2195 1563 haberet
2214 1516 2271 1563 de
2290 1519 2420 1578 αρτ-ἑο

417 1584 772 1636 contentionem,
811 1585 968 1627 ortum
1003 1580 1173 1627 bellum
1208 1585 1293 1638 est,
1330 1580 1394 1626 ad
1425 1580 1555 1642 quod
1588 1580 1827 1642 egrediens
1860 1582 1904 1627 J
1902 1584 2056 1643 upiter
2090 1582 2261 1643 aquilae
2299 1583 2420 1629 vidit

418 1646 675 1705 auqurium
690 1662 706 1691 .·
736 1644 869 1707 cujus
905 1660 1053 1707 quum
1085 1646 1268 1691 vicisset
1302 1646 1529 1706 auspicio,
1552 1646 1730 1705 fictum
1750 1650 1832 1705 est,
1860 1646 1984 1708 quod
2004 1648 2049 1693 ei
2064 1649 2301 1708 pugnanti
2322 1647 2418 1694 tela

417 1710 748 1755 ministr-risset.
824 1708 960 1756 Unde
982 1711 1128 1757 etiam
1147 1725 1178 1756 a
1197 1710 1342 1769 felici
1360 1712 1563 1771 auqurio
1600 1715 1768 1757 natum
1805 1716 1889 1768 est,
1922 1716 1979 1758 ut
2003 1711 2173 1773 aquilae
2208 1712 2417 1759 militum

416 1776 554 1831 siqna
583 1776 877 1821 comitentur.
944 1771 1184 1835 Arduum]
1221 1773 1415 1821 Similes
1436 1790 1605 1821 versus
1638 1775 1861 1821 observes
1900 1790 2045 1837 saepe.
2109 1774 2284 1836 virgil.
2311 1775 2415 1824 ΙΙΙ.

415 1836 613 1885 AEneid.
646 1852 690 1885 v.
717 1840 809 1885 12:
848 1839 966 1884 Cum
1001 1840 1139 1885 sociis
1168 1844 1389 1901 natoque,
1424 1836 1687 1886 Penatibus
1707 1844 1753 1886 et
1773 1841 1959 1901 maynis
1992 1839 2122 1887 Diis.
2190 1840 2269 1887 Id.
2291 1839 2416 1889 VII.

414 1916 463 1949 v.
484 1904 575 1949 32³
609 1901 764 1950 Variae
781 1904 1050 1965 circumque
1067 1918 1304 1965 supraque
1326 1903 1532 1951 Assuetaee
1564 1906 1685 1965 ripis
1716 1904 1929 1951 volucres
1948 1909 1997 1951 et
2010 1906 2236 1966 fluminis
2264 1905 2416 1952 alveo.

417 1965 561 2014 Adde
607 1966 796 2014 Sedulii
839 1968 1000 2015 Carm.
1042 1966 1150 2016 ΙΙΙ.
1188 1968 1314 2021 316;
1356 1968 1546 2014 Auson.
1586 1968 1733 2030 Idyll.
1773 1967 1922 2015 XIX.
1946 1970 1993 2016 6.
2076 1969 2415 2031 Ganymedem

413 2037 584 2078 autern
605 2031 665 2078 ab
685 2031 850 2093 aquila
877 2038 1074 2094 raptum
1108 2032 1273 2089 fuisse,
1313 2031 1503 2079 colonia
1536 2032 1687 2079 Troas
1710 2048 1797 2095 per
1817 2032 2030 2096 aquilam
2051 2033 2102 2081 in
2128 2034 2291 2081 nurnis
2314 2040 2414 2081 tes-

413 2096 505 2143 tari
538 2095 748 2143 voluisse
783 2096 974 2143 videtur
1011 2096 1275 2143 Vaillantio
1298 2096 1356 2143 de
1378 2112 1514 2143 num.
1540 2097 1712 2144 Colon.
1736 2098 1868 2145 Part.
1897 2097 1971 2146 ΙΙ.
2008 2113 2054 2160 p.
2080 2098 2415 2148 356.—ScH.

415 2158 494 2207 hic
530 2166 689 2207 tamen
723 2158 918 2223 ardum]
967 2161 1046 2207 Sic
1071 2161 1218 2223 EGg.
1241 2168 1477 2223 corrupte.
1526 2161 1605 2209 hic
1626 2168 1780 2209 tamen
1810 2164 2015 2210 arduum
2040 2162 2096 2209 B.
2133 2162 2211 2209 hic
2242 2166 2415 2211 etenim

413 2225 618 2273 arduum
640 2240 678 2272 s.
710 2228 753 2273 is
776 2228 903 2272 enim
937 2232 1125 2273 arctum
1147 2226 1192 2273 b.
1260 2226 1386 2272 Puto
1409 2225 1591 2273 fuisse:
1625 2226 1703 2273 liic
1728 2226 2032 2284 catamitum,
2054 2228 2133 2275 cui
2154 2242 2257 2275 voc.
2278 2228 2415 2275 velut
2467 2248 2469 2251 >

411 2303 500 2350 per
545 2290 838 2351 epexegesin
879 2289 1202 2351 subjungatur
1241 2288 1511 2353 Pliryqium
1558 2289 1877 2353 Ganymeden.
1921 2292 2010 2352 (sic
2044 2292 2262 2340 scribunt
2300 2293 2411 2342 ΕΒ.

419 2353 742 2415 Ganymedem
761 2353 978 2415 APgsb.)
1047 2354 1126 2416 (Si
1147 2354 1312 2402 caelum
1333 2356 1543 2403 aseendit
1564 2360 1722 2402 tamen
1754 2357 1933 2404 arduus
1970 2360 2189 2418 armiqer‚
2224 2358 2303 2405 hic
2326 2364 2413 2405 est.

419 2417 669 2479 Unquibus
703 2421 749 2467 is
779 2420 940 2466 nocuis
971 2432 1020 2479 g.
1072 2419 1282 2482 suspicio
1325 2420 1505 2482 partim
1546 2420 1894 2483 improbabilis,
1938 2421 2116 2483 partim
2157 2423 2411 2485 perspicue

412 2480 536 2530 falsa
558 2483 611 2530 in
635 2498 711 2532 vv.
734 2487 778 2531 is
797 2482 1178 2543 nocuis.)—-OR.
2379 2483 2383 2487 ’

483 2549 594 2595 318.
635 2546 882 2609 Unquibus
933 2546 1558 2611 innervis—Ganymedem]
1620 2548 1671 2597 N
1674 2564 1831 2596 onnus
1876 2549 2023 2597 Dion.
2068 2549 2180 2597 XV.
2221 2564 2266 2597 v.
2300 2552 2414 2610 280,

411 2625 464 2673 p.
487 2613 615 2659 428:
653 2612 757 2659 Καὶ
791 2612 913 2669 Διὸς
933 2611 1192 2675 ,οἰνοχόος
1231 2610 1356 2661 πέλε
1394 2611 1639 2674 βεκόλος,
1676 2612 1739 2661 ὅν
1761 2610 1845 2661 διὰ
1866 2612 2061 2671 κάλλος
2097 2611 2417 2678 Φειδομένοις

413 2674 696 2738 ὀνύχεσσιν
729 2674 991 2740 ἐκούφισεν
1013 2676 1272 2741 ὑψιπέτης
1304 2675 1443 2734 Ζεύς.
1508 2677 1581 2725 Et
1613 2677 1752 2726 Jovis
1780 2682 2013 2740 pincerna
2032 2681 2143 2739 fuit
2174 2676 2415 2741 bubulcus,

411 2755 550 2802 quem
569 2742 764 2803 Jupiter
777 2751 976 2805 propter
979 2746 1151 2805 sormoe
1167 2743 1540 2806 pulcritudinem
1557 2746 1610 2789 in
1626 2744 1776 2791 altum
1796 2744 1989 2791 sustulit
2016 2744 2251 2807 unquibus
2274 2748 2414 2792 inno-

413 2808 529 2852 cuis.
597 2806 830 2853 Similiter
849 2806 981 2855 idem
1004 2809 1222 2869 loquitur
1244 2809 1331 2856 lib.
1357 2807 1554 2855 XXIV.
1576 2824 1624 2855 v.
1652 2807 1731 2865 97,
1752 2824 1799 2871 p.
1820 2809 1931 2864 624,
1956 2817 2007 2856 et
2029 2824 2073 2857 v.
2093 2811 2201 2866 120,
2223 2825 2269 2871 p.
2288 2810 2411 2866 626;

414 2876 464 2916 et
483 2869 648 2918 XXV.
671 2872 788 2931 432,
824 2878 874 2919 et
893 2872 1053 2920 XIII.
1079 2875 1189 2930 214,
1229 2880 1278 2921 et
1299 2872 1394 2919 XI.
1419 2873 1531 2920 293.
1598 2872 1676 2920 Sic
1716 2873 1877 2921 Autor
1913 2872 2103 2935 Elegiae
2140 2874 2191 2920 in
2228 2875 2411 2922 Mecae-

413 2935 542 2981 natis
564 2935 768 2992 obitum,
791 2951 836 2983 v.
859 2938 936 2985 89.
1005 2937 1201 2985 Dicitur
1223 2938 1494 2985 dominator
1520 2936 1753 2999 Olympiz
1788 2938 2014 3000 Aquilam
2048 2940 2227 2985 misisse
2256 2954 2413 2997 mam,

412 3013 514 3060 quoe
547 3006 784 3061 quoereret,
827 3005 984 3065 ecquis
1013 3001 1184 3050 Posset
1210 3005 1413 3049 amatori
1444 3002 1559 3048 vina
1594 3003 1769 3062 referre
1799 3003 1931 3050 Jovi.
2009 3001 2137 3049 Valle
2164 3002 2249 3050 sub
2279 3003 2412 3051 Idaea

413 3063 526 3111 dum
547 3070 607 3120 te,
621 3065 834 3124 fhrmose
855 3067 1085 3126 sacerdos,
1107 3067 1316 3120 Invenit,
1339 3072 1386 3112 et
1401 3081 1561 3128 presso
1580 3067 1787 3114 molliter
1802 3082 1955 3129 unque
1974 3070 2121 3129 rapit.
2185 3070 2411 3117 Donatus

412 3128 474 3174 ad
508 3128 704 3176 AEneid.
727 3128 789 3179 V.
827 3144 874 3177 v.
901 3134 1011 3189 255,
1049 3147 1184 3193 seqq.
1255 3131 1478 3178 Custodes
1522 3145 1710 3193 quoque
1752 3135 1821 3179 sic
1864 3132 2098 3179 tendentes
2138 3147 2306 3179 man-us
2343 3133 2411 3179 ad

411 3192 568 3240 sidera
601 3193 913 3255 apparebant,
949 3200 1087 3257 quasi
1123 3198 1323 3244 retinere
1354 3202 1563 3257 possent,
1612 3212 1749 3257 quem
1772 3198 2048 3256 fortissime
2076 3198 2207 3244 alitis
2229 3202 2410 3245 tenaces

411 3258 655 3319 amplexus
675 3260 872 3305 innoxia
891 3261 1152 3308 subtilitate
1182 3259 1460 3323 portabant.
1526 3260 1709 3310 Versus
1730 3268 1894 3309 autem
1915 3260 1995 3309 hic
2019 3268 2166 3318 totus,
2188 3268 2244 3309 ut
2262 3262 2408 3311 multi

412 3320 511 3378 alii,
564 3323 926 3371 imitamentum
983 3325 1175 3373 videtur
1231 3325 1366 3372 illius
1421 3324 1682 3386 virgiliani
1723 3326 1918 3373 AEneid.
1962 3324 2027 3374 V.
2064 3327 2190 3373 254:
2256 3326 2408 3383 Qvaem

402 3400 587 3447 praepes
615 3388 680 3434 ad
706 3388 798 3434 Ida
831 3388 1089 3437 Sublimem
1119 3389 1312 3450 pedibus
1330 3392 1498 3449 rapuit
1528 3389 1666 3437 Jovis
1685 3392 1891 3453 amiqer
1907 3391 2055 3439 uncis.
2123 3390 2238 3438 Non
2258 3392 2409 3454 igitur

409 3451 617 3511 poenitet
639 3467 720 3499 me
744 3454 1070 3511 correctionis,
1109 3469 1257 3517 quam
1291 3460 1364 3502 tot
1397 3454 1689 3515 scriptorum
1728 3455 2034 3503 consentiens
2066 3455 2229 3505 firmat
2264 3464 2404 3505 auto-

407 3514 542 3561 ritas.
613 3516 728 3577 Ipse
769 3524 934 3564 autem
983 3519 1296 3583 Ganymedes
1338 3518 1433 3566 fuit
1473 3518 1605 3565 filius
1648 3519 1777 3581 regis
1820 3520 1976 3578 Trois,
2018 3536 2165 3583 quem
2198 3536 2229 3568 a
2261 3521 2405 3569 Patre

408 3577 603 3641 Jupiter
634 3581 772 3642 equis
804 3582 1030 3642 redemit,
1055 3591 1104 3631 et
1124 3584 1235 3630 navi
1256 3582 1433 3645 aquilae
1455 3582 1639 3644 insigni
1660 3599 1750 3631 usa
1767 3584 2075 3647 absportavit,
2097 3592 2155 3632 ut
2174 3586 2407 3648 pincerna

409 3642 611 3691 deorum
645 3646 781 3693 foret.
851 3646 1134 3705 Pausanias,
1170 3648 1255 3695 lib.
1278 3648 1338 3695 V.
1379 3663 1423 3695 c.
1448 3649 1540 3703 243
1576 3647 1823 3696 Homerus
1862 3649 2004 3698 Iliad.
2036 3650 2098 3697 Y.
2122 3657 2172 3696 et
2195 3650 2255 3707 E,
2293 3651 2403 3699 268.

410 3706 641 3769 Hyginus
676 3710 770 3757 fab.
805 3712 901 3757 224
923 3719 972 3759 et
994 3712 1104 3770 271,
1143 3722 1191 3760 et
1216 3713 1352 3761 Post.
1375 3712 1510 3759 Astr.
1546 3711 1631 3760 lib.
1653 3712 1704 3760 ii.
1739 3713 1789 3760 in
1812 3711 2042 3777 Aquario.
2113 3714 2404 3775 Fulgentius

409 3771 468 3819 M
504 3772 684 3835 tholog.
725 3774 806 3821 lib.
836 3777 878 3832 1,
917 3791 958 3823 c.
985 3778 1060 3824 18.
1128 3776 1314 3825 Auson.
1357 3776 1507 3839 Idyll.
1542 3776 1669 3825 XII.
1706 3793 1752 3824 v.
1779 3779 1856 3825 86.
1925 3778 2165 3826 Pindarus
2203 3778 2400 3841 Olymp.

412 3788 502 3884 od
528 3838 573 3883 1.
639 3839 868 3887 Clemens
887 3840 1148 3889 Alexandr.
1173 3841 1384 3889 Admon.
1403 3842 1463 3888 ad
1487 3842 1634 3889 Gent.
1658 3858 1707 3905 p.
1722 3857 1791 3890 m.
1810 3844 1890 3891 23.
1954 3843 1985 3890 J
1989 3843 2179 3890 ustinus
2198 3843 2401 3905 Apolog.

410 3900 482 3948 11.
513 3917 564 3962 p.
589 3902 667 3952 67.
736 3904 876 3950 Ovid.
897 3904 964 3952 X.
989 3906 1314 3969 Metamorph.
1337 3921 1384 3952 v·
1406 3907 1518 3965 154,
1540 3907 1879 3969 seqq.--SCH.

472 3967 581 4014 319.
619 3966 724 4024 Quo
745 3968 964 4031 Jupiter]
1002 3970 1063 4017 Id
1084 3976 1175 4027 est,
1209 3985 1294 4030 per
1316 3970 1454 4033 quod.
1524 3970 1655 4018 Nam
1691 3970 1788 4019 telo
1825 3970 2081 4033 Cupidinis
2119 3970 2233 4033 (hoc
2267 3973 2401 4021 enim

408 4044 511 4077 esse
546 4030 754 4092 videtur)
791 4040 982 4082 tantum
1014 4035 1394 4085 incendebantur
1424 4036 1507 4093 dii,
1543 4034 1780 4097 quantum
1802 4036 2398 4089 mortales—SCR—
