2992 4842
582 591 675 658 40
1384 612 1780 660 annual-1101

582 750 819 816 claram
848 771 1066 829 unam,
1094 751 1162 815 in
1186 750 1454 836 singulis
1480 752 1768 818 humeris
1785 751 2066 835 singulas
2089 751 2306 829 claraS,
2329 751 2398 816 in
2421 753 2572 816 dex·

584 847 685 900 tra
727 837 1074 900 mammilla
1102 837 1335 902 claram
1364 861 1581 916 unam,
1612 839 1681 902 in
1713 839 1942 902 dextra
1989 861 2188 902 manu
2233 839 2464 902 claram
2503 850 2570 902 et

582 944 882 1006 magnam
952 945 1171 1000 unam,
1238 923 1309 987 in
1359 925 1619 989 sinistra
1674 947 1870 989 manu
1928 924 2162 988 claram
2222 946 2439 1000 unam,
2500 924 2570 987 in

582 1007 887 1072 umbilico
942 1007 1177 1073 claram
1205 1021 1273 1073 et
1300 1032 1599 1093 magnam
1657 1032 1874 1086 unam,
1927 1010 1997 1073 in
2026 1010 2280 1072 sinistro
2331 1009 2569 1073 femore

582 1093 763 1171 duas,
792 1094 1103 1159 ineodem
1129 1117 1304 1178 genu
1332 1095 1566 1159 claram
1595 1117 1814 1173 unam,
1831 1094 1901 1158 in
1923 1117 2312 1179 unoquoque
2337 1096 2569 1178 angulo

580 1178 777 1258 sellae,
805 1179 876 1243 in
906 1202 1035 1264 qua
1062 1181 1263 1259 sedet,
1289 1180 1570 1264 singulas
1591 1180 1810 1245 claras.
1902 1181 2072 1244 Sunt
2100 1202 2320 1244 omnes
2351 1178 2566 1245 XIII.

668 1264 1083 1330 Andromeda
1108 1265 1241 1330 filia
1267 1266 1393 1331 fuit
1426 1264 1677 1351 Cephei
1705 1277 1774 1330 et
1803 1264 2211 1350 Cassiepeiae,
2244 1289 2392 1350 quae
2423 1265 2570 1329 ada-

580 1361 755 1414 mata
800 1363 898 1415 est
928 1374 968 1415 a
997 1349 1101 1416 Cu
1147 1351 1343 1430 idinc‚
1370 1363 1437 1416 et
1465 1352 1689 1417 datum
1730 1362 1830 1415 est
1873 1374 2271 1436 responsum,
2318 1363 2395 1414 ut
2442 1361 2569 1415 tra-

581 1435 844 1500 deretur
868 1435 1029 1501 Ceto
1052 1374 1147 1500 mi,
1154 1438 1607 1503 devorandum.
1701 1436 1872 1503 Quae
1895 1459 2202 1521 suspensa
2219 1437 2392 1501 inter
2409 1436 2566 1501 duos

580 1533 852 1599 monteS‚
884 1533 952 1586 et
980 1523 1276 1606 exposita
1305 1521 1475 1588 Ceto
1505 1535 1603 1588 est
1631 1545 1778 1586 cum
1817 1523 2112 1587 omnibus
2153 1523 2566 1600 ornamentis,

579 1629 617 1671 a
644 1606 882 1672 Perseo
912 1619 1131 1671 autem
1158 1608 1429 1673 liberata
1456 1619 1576 1685 est,
1601 1618 1668 1673 et
1699 1610 1780 1673 ob
1802 1609 1871 1673 id
1893 1607 2128 1672 Persea
2149 1607 2346 1684 dicta3
2372 1608 2568 1671 bene-

577 1692 853 1776 ficioque
885 1693 1201 1758 Minervae
1240 1695 1426 1758 astris
1471 1706 1732 1778 recepta
1771 1705 1888 1758 est.
1979 1693 2325 1777 Euripides
2372 1693 2566 1757 etiam

579 1777 735 1842 dicit
762 1779 933 1843 intra
962 1789 1133 1842 astra
1155 1778 1548 1857 collocatam,
1579 1791 1658 1844 ut
1683 1779 1864 1844 labor
1893 1778 2114 1842 Persei
2143 1789 2427 1842 aeternus
2454 1801 2569 1863 pa-

580 1875 769 1941 teret,
793 1864 1090 1928 manibus
1120 1866 1260 1950 ejus
1288 1867 1595 1942 extensiS,
1629 1865 2164 1949 quemadmodum
2186 1863 2347 1927 Ceto
2369 1887 2570 1948 oppo-

578 1950 701 2014 sita
724 1959 841 2014 est.
934 1948 1105 2015 Quae
1135 1973 1280 2014 cum
1310 1975 1349 2015 a
1378 1950 1616 2015 Perseo
1644 1951 1913 2015 liberata
1937 1961 2128 2026 esset,
2159 1971 2374 2033 neque
2398 1949 2565 2032 patri

576 2057 791 2118 neque
814 2036 1003 2100 matri
1030 2035 1232 2100 voluit
1261 2036 1655 2112 commorari,
1685 2037 1797 2100 sed
1825 2036 2132 2099 continuo
2155 2058 2300 2099 cum
2327 2034 2564 2098 Perseo

576 2121 860 2204 profecta
890 2134 1009 2185 est.
1100 2120 1323 2185 Habet
1343 2122 1578 2199 stellas,
1609 2122 1677 2185 in
1707 2123 1914 2206 capite
1957 2121 2190 2184 claram
2228 2143 2447 2197 unam,
2494 2121 2563 2183 in

578 2207 843 2289 singulis
871 2206 1155 2271 humeris
1184 2208 1487 2291 singula-«³,
1519 2208 1587 2271 in
1617 2207 1885 2290 singulis
1923 2207 2158 2270 cubitis
2200 2205 2396 2269 claras
2435 2206 2566 2268 sin-

576 2292 779 2374 gulaS,
810 2293 880 2355 in
912 2292 1142 2357 dextra
1169 2315 1365 2357 manu
1392 2293 1625 2356 claram
1655 2315 1872 2370 unam,
1919 2292 1990 2355 in
2031 2291 2256 2354 eodem
2305 2284 2564 2354 brachio

577 2377 775 2441 claras
805 2378 986 2455 duas,
1015 2379 1085 2441 in
1108 2401 1274 2442 zona
1302 2391 1454 2456 tres,
1484 2380 1608 2442 sub
1648 2399 1810 2442 zona
1847 2389 2147 2461 quatuor,
2187 2377 2254 2439 in
2295 2377 2564 2459 singulis

576 2464 850 2544 genibus
880 2464 1076 2527 claras
1106 2464 1409 2547 singulas,
1439 2465 1509 2527 in
1540 2464 1770 2527 dextro
1799 2464 1963 2548 pede
1995 2463 2173 2540 duaS,
2201 2463 2270 2526 in
2303 2463 2560 2525 sinistro

576 2549 738 2632 pede
769 2571 983 2612 unam.
1077 2549 1248 2614 Sunt
1274 2573 1494 2613 omnes
1526 2547 1734 2613 XXI.

664 2634 896 2717 Equus
924 2646 1239 2719 praeterea
1267 2636 1568 2699 dimidius
1597 2646 1716 2710 est,
1748 2634 1956 2718 priore
1986 2644 2169 2719 parte
2199 2643 2426 2717 patens
2454 2654 2562 2696 us-

578 2742 705 2804 que
736 2721 815 2784 ad
846 2721 1238 2784 umbilicum.
1330 2722 1568 2786 Aratus
1609 2721 1763 2784 dicit
1802 2741 1992 2804 super
2038 2719 2562 2781 Geniculatorem

579 2806 795 2883 situm,
828 2816 894 2869 et
912 2807 1049 2890 jam
1079 2807 1262 2870 astris
1292 2806 1564 2884 illatum,
1597 2830 1674 2870 eo
1701 2806 1874 2889 quod
1903 2828 1940 2869 a
1968 2804 2344 2869 celsitudine
2377 2802 2564 2866 Heli-

577 2892 753 2954 conis
804 2892 1040 2955 montis
1097 2914 1396 2976 percusso
1442 2893 1605 2977 pede
1649 2891 1882 2955 dextro
1946 2912 2178 2974 aquam
2231 2889 2562 2973 produxit,

580 2998 773 3060 quem
802 2977 1117 3061 liquorem
1150 2976 1610 3062 Hippocrenen
1657 2977 1898 3042 dicunt.
1989 2975 2271 3042 Quidam
2320 2997 2439 3059 pro
2485 2996 2564 3036 eo

578 3062 753 3146 quod
775 3061 1031 3147 Jupiter
1060 3087 1136 3126 eo
1168 3086 1321 3126 usus
1370 3063 1586 3127 fuerit.
1680 3059 1996 3126 Nonnulli
2041 3083 2191 3124 vero
2244 3058 2564 3143 Pegasum

576 3158 833 3230 putant,
889 3149 1000 3230 qui
1042 3149 1122 3212 ad
1161 3159 1332 3212 astra
1364 3171 1479 3232 pro
1521 3146 2041 3233 Bellerophontis
2078 3147 2350 3209 interitu
2397 3145 2568 3228 evol-—

560 3233 796 3298 averit.
866 3232 1207 3318 Euripides
1231 3233 1405 3310 dicit,
1432 3234 1854 3318 Menalippen
1876 3232 2170 3296 Chironis
2185 3231 2381 3294 filiam
2403 3253 2564 3308 esse,

623 3340 726 3381 uae
756 3342 1134 3404 compressa,
1165 3319 1421 3402 gravida
1447 3319 1736 3404 profugit
1763 3319 1831 3383 in
1865 3318 2092 3381 Pelion
2141 3327 2448 3392 montem,
2497 3327 2567 3380 et

576 3342 731 3468 ilum
762 3428 799 3468 a
828 3416 1009 3488 patre
1040 3405 1493 3488 comprehendi
1523 3405 1801 3481 timeret,
1836 3404 2100 3467 deorum
2137 3401 2567 3466 misericordia

575 3511 873 3554 conversa
899 3491 967 3553 in
999 3513 1235 3573 equum
1267 3491 1345 3552 ad
1376 3501 1544 3554 astra
1573 3489 1959 3566 conscendit,
1985 3489 2167 3573 cujus
2184 3487 2566 3572 posteriores

574 3586 789 3659 partes
818 3576 1096 3660 corporis
1126 3586 1385 3659 propter
1409 3575 1700 3639 foeminei
1732 3597 1927 3638 sexus
1957 3575 2265 3658 pudorem
2303 3594 2436 3635 non
2474 3571 2566 3634 vi-

575 3662 831 3727 dentur.
923 3661 1144 3726 Habet
1174 3674 1388 3725 autem
1412 3661 1648 3737 stellas,
1671 3661 1740 3722 in
1757 3660 1916 3724 facie
1941 3660 2138 3723 claras
2162 3658 2339 3734 duaS,
2366 3658 2435 3720 in
2461 3679 2563 3720 ca-

573 3747 709 3831 pite
741 3747 973 3811 elaram
1003 3769 1220 3822 unam,
1251 3747 1317 3808 in
1350 3746 1620 3829 singulis
1649 3746 1912 3809 auribus
1943 3744 2222 3828 singulas
2254 3743 2470 3819 claras,
2493 3743 2566 3805 iu

574 3831 837 3896 maxilla
864 3855 1082 3909 unam,
1116 3833 1182 3895 in
1206 3831 1305 3894 ala
1327 3832 1622 3916 proxima
1645 3831 1837 3914 capiti
1857 3831 2088 3894 claram
2110 3851 2329 3905 unam,
2353 3829 2422 3892 in
2441 3827 2567 3891 hu-

572 3941 751 3982 mero
781 3919 899 3981 alae
926 3919 1173 3982 dextrae
1206 3940 1421 3994 unam,
1454 3917 1523 3979 in
1553 3916 1761 3980 media
1791 3916 1891 3979 ala
1921 3937 2136 3990 unam,
2168 3915 2238 3977 in
2259 3913 2566 3976 extremis

573 4003 801 4088 pennis
832 4027 1048 4081 unam,
1080 4004 1149 4066 in
1178 4026 1354 4066 armo
1384 4025 1575 4066 unam
1584 4051 1602 4080 ,
1636 4003 1702 4064 in
1734 4013 1989 4085 pectore
2022 4023 2238 4077 unam,
2282 3999 2350 4063 in
2383 3997 2568 4082 spina

574 4110 788 4166 unam,
820 4089 887 4152 in
919 4089 1217 4153 umbilico
1247 4089 1474 4152 claram
1511 4110 1725 4164 unam,
1751 4087 1821 4150 in
1847 4086 2112 4170 singulis
2135 4085 2406 4169 genibus
2435 4084 2563 4146 sin-

572 4175 772 4256 gulaS‚
805 4175 871 4238 in
905 4175 1167 4258 singulis
1187 4173 1441 4258 ungulis
1462 4173 1763 4257 singulas,
1815 4172 2014 4236 Fiunt
2039 4193 2258 4235 omnes
2280 4167 2563 4234 XVIII.
