2992 4842
1074 581 1144 615 An
1171 579 1527 615 PHAENOMENA
1553 580 1789 615 anum.
2389 566 2439 613 xi

433 708 652 767 Porriyit
671 708 726 751 in
739 708 946 767 spatium
982 708 1222 767 signorum
1259 706 1471 753 membra
1503 706 1724 753 duorum.
1791 706 1927 754 Adde
1952 704 2201 768 Capellam
2227 705 2286 753 de
2310 701 2436 767 nup-

430 772 512 818 tiis
552 770 796 831 Philolog.
834 771 918 818 lib.
946 770 1098 818 VIII.
1142 786 1246 832 pag.
1285 773 1394 817 282.
1463 771 1573 819 Vid.
1606 779 1776 818 tamen
1819 771 1979 819 Grotii
2018 780 2157 819 notas
2193 771 2255 817 ad
2287 771 2435 833 imag.

433 835 732 892 Germanici,
768 850 816 897 p.
840 836 1136 883 34.—SCH.
1273 834 1482 897 Ins-iqui]
1532 835 1691 882 BEG.
1728 836 1884 898 (prob.
1932 837 2001 898 g.)
2040 836 2109 883 sb.
2149 836 2357 897 Insiynis
2381 840 2437 883 A.

435 902 646 963 Insiynes
689 900 821 962 FPg.
857 899 1024 960 (Ibid.)
1067 899 1379 962 perfunderet]
1416 901 1508 947 As.
1536 902 1834 963 perfundunt
1869 902 1987 963 Pgb.
2029 902 2290 963 (pereunde
2324 916 2439 947 oum

430 965 520 1012 lin.
546 980 692 1026 supra
715 964 770 1011 de
793 965 900 1012 BE.
927 980 1018 1027 per
1039 967 1239 1012 eundem
1265 964 1350 1025 G.)
1385 966 1587 1025 (lumina
1612 966 1875 1025 B.)—·OR.

501 1030 580 1078 90.
615 1028 801 1091 Ipsa-m]
839 1029 918 1077 Ita
953 1030 1064 1077 MS.
1095 1029 1297 1091 Vulgati
1335 1030 1445 1076 inde
1480 1030 1677 1077 habent.
1747 1029 2112 1091 Manuscriptus
2145 1043 2231 1091 pro
2272 1028 2439 1077 baculo

433 1094 564 1141 male
605 1094 752 1140 habet
781 1095 968 1157 jaculo.
1034 1095 1260 1151 Baculus,
1296 1100 1351 1141 ut
1381 1094 1496 1141 alibi
1532 1094 1827 1154 notavimus,
1864 1104 1936 1141 est
1960 1090 1988 1139 ὁ
2011 1090 2299 1156 καλάυροψ.
2336 1094 2440 1142 GR.

437 1157 634 1220 Senior]
671 1158 872 1220 Capella
909 1159 966 1206 de
1001 1166 1138 1222 nupt.
1178 1158 1346 1221 philol.
1375 1158 1451 1205 II.
1486 1159 1607 1206 init:
1651 1158 1814 1206 Ardua
1856 1166 1967 1206 tanc
2008 1162 2165 1207 senior
2204 1159 2443 1206 succendit

432 1224 650 1285 plaustra
679 1224 1199 1271 Bootes.—SCH.—
1217 1222 1409 1285 Ipsam]
1441 1224 1690 1285 BEGgsb.
1723 1222 1833 1271 Inde
1856 1224 2005 1271 AFP.
2031 1222 2208 1284 (Ibid.)
2251 1222 2441 1271 baculo-

438 1286 555 1351 que]
581 1287 1074 1401 APlgsbbysscaloqae
1117 1288 1280 1335 BEG.
1321 1287 1509 1348 (baculo
1531 1291 1775 1350 seniorque
1798 1289 1877 1348 P.)
1914 1288 2081 1349 (lbid.)
2116 1291 2363 1336 minant-ar
2383 1291 2439 1336 A.

436 1355 645 1399 minatus
698 1376 782 1400 .—

505 1418 588 1465 91.
633 1416 696 1463 Se
739 1418 856 1464 velle
899 1416 1224 1479 Arctophylax
1266 1414 1565 1465 brachiorum
1604 1431 1795 1465 munere
1836 1430 1983 1464 coecus
2025 1415 2194 1463 Icams
2236 1423 2443 1479 ereptam

435 1484 654 1543 pensavit
671 1496 864 1529 munere
885 1481 1070 1545 ripam]
1109 1482 1188 1529 Ita
1210 1481 1408 1543 vulgati.
1478 1482 1863 1542 Manuscriptus,
1888 1482 1999 1529 Sive
2015 1481 2097 1527 ille
2110 1481 2443 1544 arctophylax,

437 1560 521 1592 seu
541 1546 750 1593 Baccheo
764 1561 955 1593 manere
968 1562 1108 1594 caesus
1120 1546 1290 1595 Icarus
1303 1552 1509 1609 ereptam
1520 1546 1741 1609 pensabit
1752 1546 1905 1593 sidere
1928 1548 2088 1593 vitam.
2155 1546 2443 1607 Legendum

441 1612 657 1670 omnino,
676 1612 748 1658 uti
763 1626 892 1658 nunc
915 1626 1193 1675 expressum
1217 1618 1303 1658 est.
1370 1612 1474 1670 Ait,
1499 1627 1681 1659 caesum
1706 1612 1767 1659 ob
1790 1611 1968 1658 Bacchi
2006 1625 2209 1657 munera
2231 1612 2443 1667 Icarum,

442 1676 512 1722 ita
535 1676 665 1721 enim
690 1675 935 1738 appellant
955 1676 1197 1733 Tibullus,
1221 1676 1330 1723 Lib.
1357 1675 1448 1724 IV.
1477 1677 1639 1724 Carm.
1668 1676 1710 1725 1.
1752 1690 1801 1724 v.
1823 1676 1881 1723 9:
2040 1674 2233 1724 Cunctis
2256 1677 2445 1723 Baccho

434 1740 1114 1867 ῗέῗἭὼέιέἕἛῗΧῖῗῖὝό
1131 1740 1997 1868 .“}..P‡2“'055‡25.?5.“2..32323‘.;.52322
2018 1740 2447 1852 cfdnfimpffissssi

442 1871 733 1931 plerumque
776 1870 988 1918 Icarium
1025 1871 1311 1917 nominante
1352 1877 1408 1917 ut
1429 1879 1478 1917 et
1516 1869 1882 1927 Eratosthenes,
1918 1871 2058 1932 cujus
2098 1885 2292 1917 versum
2332 1870 2449 1917 citat

446 1934 696 1997 Hyginus.
784 1935 1035 1983 Caeterum
1092 1936 1272 1996 optime
1333 1935 1684 1983 Germanicum
1740 1934 1951 1997 explicat
2013 1935 2258 1997 Orpheus,
2307 1936 2448 1996 cujus

445 1999 774 2060 fragmentum
819 2000 1215 2062 antiquissimum
1253 2007 1302 2047 et
1341 1998 1789 2050 luculentissimum
1830 2000 1883 2047 in
1928 2000 2145 2046 medium
2188 2000 2443 2047 adducam.

444 2062 661 2143 Ἀςραίη
685 2061 840 2128 κούρη
867 2062 917 2112 δὲ
936 2062 1080 2111 πέλει
1103 2063 1234 2128 πρὸς
1257 2060 1476 2112 ἅπαντα
1492 2064 1701 2129 φερίστη
1719 2062 2016 2129 Σπέρματα,
2033 2062 2116 2110 καὶ
2140 2060 2189 2111 δὲ
2208 2066 2445 2126 φυτοῖσιν

447 2126 710 2191 ἐναισιμος
735 2127 792 2176 ἔν
828 2145 882 2176 τε
918 2128 1157 2192 βόθροισι
1202 2128 1427 2177 Βάλλειν
1472 2128 1619 2194 ἔρνεα
1665 2130 1861 2180 πάντα·
1914 2126 1979 2176 τά
2016 2145 2069 2176 τε
2116 2126 2265 2194 δρυὸς
2309 2126 2444 2192 ἄκρα

446 2190 708 2256 λέγονται,
734 2192 926 2251 Ὀινας
965 2192 1006 2241 δ’
1009 2192 1334 2247 ἐξαλέασθαι.
1375 2192 1486 2240 ἐπεὶ
1525 2194 1697 2259 ςυγέει
1736 2193 1853 2259 περὶ
1894 2192 2035 2241 ἄλλα
2059 2192 2245 2257 ’la-apte
2286 2192 2445 2257 κούρη

446 2255 643 2315 ληνοὺς
680 2258 764 2305 καὶ
787 2256 1029 2311 ἀδευκέας
1067 2258 1230 2317 οἴνας,
1267 2257 1574 2323 Μνωομένη,
1614 2259 1711 2310 ὅσα
1750 2258 1919 2323 λυγρὰ
1958 2255 2270 2308 Διωνύσσοιο
2306 2257 2446 2318 ἑκηη

447 2323 676 2370 'Ater-aiot
711 2320 950 2385 μήσαντο
972 2322 1104 2387 μέθῃ
1143 2321 1442 2387 δεδμημένοι
1466 2322 1604 2388 dcvii.
1684 2324 1905 2390 Ἰκάριον
1946 2322 2031 2369 καί
2065 2339 2156 2385 μιν
2196 2324 2447 2388 ςυφελαῒς

449 2384 692 2451 κορύνησι
719 2385 902 2441 &digana
935 2387 1291 2451 Σφαλλόμενοι
1330 2385 1532 2453 δώροισι
1564 2388 1919 2455 χοροιμανέυιο
1954 2385 2151 2449 Ἰάκχε.
2224 2391 2333 2437 Hoc
2358 2398 2445 2447 est,

397 2506 405 2514 .
454 2451 682 2501 Omnibus
716 2453 900 2500 Astraea
921 2460 988 2500 est
1010 2454 1144 2514 lonye
1166 2455 1492 2515 placidissima
1522 2454 1664 2518 Viryo
1690 2456 1927 2511 &emirati-s,
1943 2456 2130 2515 plantis
2150 2470 2331 2517 quoque
2349 2469 2447 2500 non

450 2518 760 2577 incommoda,
803 2519 970 2565 suadet
1015 2517 1242 2565 Gemina
1277 2522 1535 2581 praeruptis
1576 2522 1743 2569 leviter
1785 2520 2075 2567 circumdare
2101 2521 2271 2580 fossis.
2352 2518 2449 2566 Sed

436 2582 606 2643 ,sicyias
641 2585 773 2630 vites.
811 2598 926 2629 nam
963 2583 1136 2629 durum
1173 2589 1283 2631 ante
1323 2587 1482 2631 omnia
1512 2587 1700 2647 prelum
1733 2585 1885 2632 Icarii
1920 2583 2112 2640 soboles,
2144 2591 2191 2631 et
2212 2588 2328 2632 vites
2348 2585 2449 2630 odit

451 2662 644 2693 amaras
657 2664 676 2705 ,·
709 2648 892 2709 Nempe
921 2662 1100 2695 memor
1133 2654 1364 2709 quantum
1398 2649 1584 2697 sceleris
1615 2651 1777 2711 (calpa
1812 2652 1908 2696 ista
1932 2648 2064 2711 Lyaei
2086 2648 2171 2707 est)
2204 2648 2334 2695 Ausa
2342 2649 2450 2705 filit

451 2714 564 2757 vino
583 2713 762 2759 domita
785 2712 949 2760 Attica
971 2712 1110 2759 turba
1131 2716 1360 2771 virorum,
1393 2713 1613 2761 Viticomi
1636 2717 1825 2777 decepta
1845 2716 2011 2761 insano
2034 2728 2225 2759 munere
2247 2714 2445 2761 Bacchi.

458 2778 519 2823 ln
541 2776 716 2824 ultimo
740 2793 881 2825 versu
905 2778 1095 2825 Λυάιου
1127 2793 1214 2840 pro
1240 2778 1416 2840 Βάκχε
1442 2780 1659 2836 restitui3
1696 2780 1825 2840 quod
1847 2792 1909 2825 ex
1948 2778 2254 2825 Glossemate
2278 2785 2447 2825 natum

455 2848 573 2899 erat,
612 2852 912 2905 repugnante
945 2858 1100 2890 versu.
1187 2844 1369 2890 Versus
1391 2851 1508 2890 sunt
1528 2844 1893 2906 elegantissimi,
1928 2850 1977 2889 et
1996 2858 2095 2890 non
2115 2844 2199 2889 abs
2222 2858 2272 2889 re
2298 2842 2447 2889 allati.

455 2904 587 2953 Nam
608 2916 786 2968 praeter
807 2914 954 2968 quam
976 2908 1106 2969 quod
1128 2908 1342 2955 fabulam
1365 2908 1571 2955 eandem
1593 2910 1764 2971 tangit,
1790 2905 1992 2971 δώροισι
2013 2908 2175 2955 Amice
2210 2908 2283 2953 illi
2316 2908 2447 2954 idem

455 2978 546 3029 est,
587 2972 717 3033 quod
754 2973 1042 3019 Germanico
1079 2972 1136 3019 ob
1169 2987 1368 3020 manera
1405 2972 1602 3023 Bacchi.
1670 2976 1844 3021 GRor.
1911 2972 2144 3035 Proprius
2178 2972 2323 3019 fidem
2358 2981 2447 3029 est,

457 3042 512 3081 ut
534 3046 764 3096 putemus
787 3037 1020 3099 scriptum
1042 3038 1192 3085 fuisse
1225 3035 1425 3099 Ἰάκχε.
1495 3038 1647 3086 Icarii
1681 3053 1859 3085 nomen
1896 3045 1943 3084 et
1974 3037 2227 3084 historiam
2254 3052 2449 3083 omnem

456 3100 602 3147 habet
637 3101 864 3149 AElianus
899 3103 957 3150 de
990 3103 1189 3149 animal.
1212 3102 1335 3149 VII.
1369 3119 1409 3150 e.
1445 3104 1523 3150 28.
1593 3104 1803 3151 Nonnus
1838 3102 2041 3165 Dionys.
2076 3100 2299 3151 XXVII.
2336 3103 2445 3148 283.

459 3164 600 3211 Idem
625 3165 832 3229 Dionys.
853 3167 1074 3213 XLVII.
1099 3183 1141 3213 v.
1165 3168 1242 3223 34,
1272 3168 1378 3227 116,
1403 3182 1537 3229 seqq.
1622 3168 1851 3231 Hyginus
1888 3168 1941 3213 in
1977 3168 2112 3213 Poe't.
2150 3170 2339 3213 Astron.
2363 3166 2447 3213 lib.

459 3228 536 3275 II.
559 3246 662 3291 cap.
689 3231 747 3277 de
771 3232 1002 3293 Arctoph.
1071 3232 1422 3295 Epigrammat.
1468 3233 1629 3281 Graec.
1650 3233 1735 3281 lib.
1765 3232 1838 3280 11.
1863 3247 1968 3293 cap.
1999 3228 2219 3293 συμβοτ.
2241 3227 2446 3293 α’έεῖσμ.

459 3309 504 3356 p.
527 3296 638 3344 243.
683 3294 931 3343 Lucianus
953 3296 1146 3357 Dialog.
1169 3297 1379 3343 Junonis
1401 3304 1451 3345 et
1465 3297 1620 3356 Jovis,
1644 3305 1758 3345 tom.
1784 3297 1827 3343 Ι.
1854 3312 1904 3358 p.
1922 3298 2032 3344 216.
2070 3296 2179 3343 add.
2206 3297 2449 3344 Maximus

460 3360 636 3421 Tyrius
675 3360 808 3407 Orat.
849 3361 1002 3407 XIII.
1030 3376 1077 3422 p.
1104 3363 1210 3409 142.
1279 3362 1599 3423 Apollodorus
1620 3363 1706 3409 lib.
1734 3361 1835 3408 III.
1862 3361 2092 3408 Biblioth.
2178 3361 2291 3408 Non
2332 3377 2447 3408 con-

460 3425 736 3471 fundendus
759 3426 838 3472 hie
863 3426 1050 3472 Icarius
1076 3426 1316 3487 Erigones
1339 3437 1474 3489 pater
1498 3442 1607 3473 cum
1648 3427 1802 3474 Icario
1838 3427 2105 3488 Penelopes
2123 3434 2351 3489 parente3
2388 3426 2447 3473 de

462 3504 557 3549 quo
583 3490 740 3537 videre
761 3490 877 3537 licet
899 3490 1252 3552 Apollodorum
1274 3492 1354 3537 lib.
1376 3490 1480 3537 111.
1509 3490 1737 3539 Biblioth.
1772 3499 1820 3538 et
1854 3492 2147 3543 Pausaniam
2170 3491 2251 3538 lib.
2277 3491 2385 3540 111.
2406 3507 2448 3539 e.

467 3556 542 3601 12.
607 3553 954 3617 Arctophylax]
981 3555 1086 3601 vide
1109 3571 1219 3617 quae
1241 3556 1302 3602 ad
1325 3572 1370 3602 v.
1406 3556 1511 3602 139.
1535 3558 1770 3605 dicentur.
1854 3556 1985 3603 Nam
2016 3556 2148 3602 idem
2180 3556 2451 3617 appellatur

462 3619 606 3665 etiam
635 3621 825 3667 Bootes.
896 3621 986 3667 Adi
1009 3621 1240 3667 Ovidium
1266 3624 1389 3667 Fast.
1419 3621 1493 3667 ΙΙ.
1522 3622 1612 3669 185
1637 3636 1771 3682 seqq.
1794 3629 1844 3667 et
1866 3621 1967 3668 III.
1990 3620 2317 3669 405.-SCH.

462 3682 573 3729 Sive
597 3682 703 3745 ille]
729 3685 838 3731 EG.
875 3685 1031 3746 (prob.
1054 3684 1124 3745 g.)
1149 3686 1218 3731 sb.
1270 3685 1365 3732 Seu
1383 3686 1464 3733 ille
1489 3687 1547 3733 B.
1584 3686 1756 3733 swelle
1779 3688 1839 3733 A.
1884 3688 1941 3731 Se
1962 3684 2078 3731 velle
2104 3686 2142 3732 F
2148 3688 2233 3745 Pg.
2277 3684 2451 3747 (Ibid.)

461 3748 786 3811 Arctophylax
819 3764 899 3796 seu
939 3750 1118 3796 Bacchi
1158 3749 1214 3796 ob
1250 3765 1444 3797 munera
1479 3750 1644 3812 coesus]
1684 3751 1740 3797 de
1765 3766 1815 3811 g.
1837 3750 1965 3810 conj.
1988 3750 2059 3797 sb.
2091 3748 2130 3795 A
2157 3764 2237 3795 sea
2260 3749 2450 3796 bacchio

461 3827 652 3859 munere
667 3829 806 3861 caesus
832 3814 941 3861 EG.
976 3815 1016 3862 A
1042 3813 1264 3861 bacchino
1287 3830 1474 3862 munere
1498 3831 1637 3863 eoesas
1658 3831 1752 3862 om.
1774 3830 1856 3861 seu
1874 3815 1930 3861 B.
1965 3816 2028 3859 A.
2050 3830 2109 3860 eu
2124 3813 2239 3874 (sic)
2258 3810 2450 3860 brachio

462 3892 650 3924 munere
672 3894 804 3925 cecus
826 3883 884 3925 A.
918 3882 979 3927 A.
1003 3878 1302 3925 brachiorum
1322 3895 1519 3926 munera
1540 3896 1671 3927 cecus
1696 3880 1824 3939 FPg.
1860 3880 1969 3939 (Pg.
1990 3895 2001 3923 z
2038 3878 2395 3936 σιωπὴ-ΟΒ.

531 3944 607 3989 92.
643 3943 832 3991 Icarius
871 3946 926 3991 A.
951 3944 1174 4006 pensabit
1211 3945 1353 3991 BEG
1401 3944 1577 4005 (Ibid.)
1619 3946 1767 3993 sidere
1800 3941 1971 4003 vitam]
2014 3944 2163 3989 BEG.
2214 3944 2367 4005 (prob.
2402 3958 2449 4004 g.

464 4008 533 4055 sb.
567 4023 766 4056 manera
785 4012 944 4071 ripam
965 4014 1021 4055 A.
1056 4024 1246 4056 munere
1269 4012 1424 4070 ripam
1449 4010 1488 4056 F
1489 4026 1537 4071 g.
1571 4024 1761 4057 munere
1780 4011 1969 4070 rippam
1992 4008 2222 4055 P.-OR.

529 4074 606 4119 93.
647 4072 815 4136 Capud
835 4072 1070 4119 A.—OR.
