2992 4842
1234 611 1546 659 scnomA.
2289 593 2388 687 '63

396 755 635 819 imbres
665 753 931 832 fuerint,
961 775 1092 818 non
1123 753 1408 819 defuturi
1436 762 1590 818 sunt
1617 775 1732 839 per
1763 751 2136 820 Arcturum.
2225 753 2390 840 Ejus

399 841 565 924 signi
585 853 799 905 ortum
818 852 1027 905 servat
1046 840 1469 904 hirundinum
1486 840 1768 906 habituS.
1841 839 2143 925 Namque
2166 839 2391 925 depre-

396 927 619 990 hensae
636 927 989 990 intereunt.
1041 925 1243 991 XVI.
1266 925 1383 990 cal.
1412 925 1644 990 Octob.
1668 926 1958 1010 AEgypto
1984 925 2175 1010 Spica
2197 949 2392 1012 quam

400 1023 583 1076 tenet
614 1012 841 1096 Virg0,
876 1013 1079 1076 oritur
1102 1012 1442 1089 matutin0,
1464 1012 1839 1098 Etesiaeque
1859 1012 2182 1076 desinnut.
2251 1010 2387 1077 XI.

400 1098 517 1163 cal.
546 1098 861 1162 Octobres
874 1098 1288 1178 commissura
1302 1097 1583 1161 Piscium
1594 1098 1844 1175 occidit,
1856 1097 2200 1184 ipsumque
2213 1097 2387 1184 Equi

401 1184 577 1248 sidus
592 1182 801 1248 VIII.
834 1184 949 1249 cal.
983 1183 1215 1248 Octob.
1281 1182 1419 1247 III.
1454 1183 1552 1247 cal
1582 1183 1811 1247 Octob.
1837 1183 2040 1249 Hoedi
2072 1184 2388 1249 oriuntur.

406 1269 545 1334 Cal.
582 1269 972 1334 Octobribus
1005 1269 1267 1354 Capella
1294 1269 1617 1334 matutino
1639 1269 1948 1334 exoritur.
2037 1268 2160 1335 VI.
2194 1293 2392 1334 nonas

407 1355 638 1420 Octob.
671 1355 914 1420 Atticae
947 1354 1205 1421 Corona
1221 1355 1515 1419 exoritur
1530 1377 1738 1421 mane.
1825 1351 1912 1421 V.
1933 1377 2133 1419 nonas
2159 1355 2390 1421 Octob.

406 1439 785 1505 Heniochus
824 1441 1055 1505 occidit
1082 1440 1422 1507 matutino,
1514 1439 1638 1505 IV.
1679 1463 1831 1506 non.
1876 1440 2107 1505 Octob.
2151 1438 2394 1506 Caesari

406 1524 667 1592 Corona
712 1527 955 1590 exoriri
979 1527 1228 1610 incipit,
1278 1536 1345 1589 et
1387 1526 1594 1610 pridie
1643 1549 1796 1591 non.
1843 1526 2140 1591 occidunt
2189 1527 2396 1591 Hoedi

406 1613 671 1696 vesperi.
760 1611 965 1677 VIII.
1013 1612 1159 1676 idus
1208 1612 1439 1676 Octob.
1482 1611 1728 1676 Caesari
1755 1612 2008 1696 fulgens
2036 1614 2106 1676 in
2136 1612 2396 1679 Corona

408 1698 593 1762 stella
620 1698 913 1762 exoritur
942 1709 1009 1762 et
1038 1698 1230 1762 tertio
1269 1698 1413 1761 idus
1442 1696 1752 1782 Vergiliae
1796 1699 2044 1782 vesperi
2089 1700 2394 1763 exoriun-

407 1794 536 1847 tur.
625 1782 907 1849 XVIII.
940 1784 1053 1848 cal.
1086 1782 1434 1848 Novembr.
1466 1783 1742 1847 succulae
1782 1783 2032 1869 vesperi
2077 1785 2393 1849 oriuntur.

411 1869 629 1933 Pridie
677 1869 793 1933 cal.
836 1869 1185 1934 Novembr.
1237 1869 1475 1934 Caesari
1509 1869 1827 1934 Arcturus
1856 1870 2106 1948 occidit,
2139 1881 2206 1935 et
2238 1872 2397 1935 Suc-

407 1955 573 2020 culae
604 1957 986 2020 exoriuntur
1012 1977 1159 2019 cum
1188 1955 1361 2031 Sole,
1402 1966 1637 2041 quarto
1661 1977 1862 2020 nonas
1893 1955 2205 2021 Novemb.
2239 1956 2398 2022 Arc-

408 2052 597 2105 turus
625 2041 856 2106 occidit
888 2041 1151 2125 vesperi,
1201 2052 1267 2105 et
1294 2040 1439 2104 idus
1487 2041 1834 2106 Novembr.
1877 2041 2119 2106 Atticae
2166 2040 2398 2126 Vergi-

408 2127 515 2190 liae
546 2150 771 2192 occasu
800 2150 917 2191 suo
940 2127 1219 2191 hiemem
1246 2127 1571 2191 inchoant.
1663 2125 1915 2193 Quinto
1945 2128 2088 2192 idus
2136 2127 2398 2193 Orionis

409 2213 657 2296 gladius
703 2214 985 2277 occidere
1034 2213 1283 2296 incipit.
1401 2212 1658 2276 Deinde
1679 2251 1686 2255 -
1706 2211 1844 2277 III.
1891 2213 2034 2278 idus
2086 2213 2398 2298 Vergiliae

412 2299 731 2376 occidunt,
784 2321 1079 2363 occasum
1124 2298 1518 2363 matutinum
1566 2298 1998 2382 Vergiliarum
2056 2299 2397 2365 HestodeS.

412 2395 644 2535 natgra
725 2384 921 2470 hujus
971 2405 1231 2470 quoque
1290 2384 1568 2449 nominis
1621 2383 1930 2449 Hestodis
1993 2387 2400 2470 astrologiam

415 2480 515 2534 tra
558 2471 677 2535 idit
704 2471 867 2534 fieri.

501 2555 585 2620 In
615 2555 1001 2642 aequinoctio
1030 2557 1326 2643 autumni
1355 2557 1698 2622 confitetur
1716 2556 1888 2642 quod
1906 2556 2140 2622 Thales
2158 2556 2398 2622 XXV.
2420 2570 2426 2577 '

413 2642 517 2705 die
548 2643 628 2706 ab
678 2643 1084 2728 aequinoctio.
1135 2642 1644 2721 Anaximander,
1696 2640 1982 2708 XXXI.
2037 2643 2402 2707 Euctemon

413 2725 754 2792 XLVIII.
788 2749 903 2792 nos
930 2739 1171 2806 autem,
1203 2740 1548 2814 sequentes
1577 2729 2082 2793 observationem
2106 2726 2400 2806 CaesariS,

416 2809 636 2878 XLV.
669 2814 771 2879 die
805 2815 905 2882 ab.
915 2815 1301 2900 aequinoctio
1332 2815 1600 2879 dicimus
1628 2815 1788 2878 fieri.

502 2897 683 2963 Ante
714 2900 929 2963 omnia
957 2910 1175 2964 autem
1206 2901 1333 2964 duo
1364 2922 1501 2964 esse
1541 2901 1801 2964 nomina
1839 2901 2109 2965 caelestis
2147 2899 2236 2986 inj
2247 2899 2404 2964 uriae

412 2986 777 3050 meminisse
794 2986 1123 3050 debemus.
1192 2983 1416 3050 Unum
1436 2987 1611 3072 quod
1631 2983 2068 3070 Tempestates
2084 3009 2404 3064 vocamuS,

414 3071 484 3134 in
515 3071 750 3157 quibus
778 3071 1141 3155 grandineS,
1172 3071 1492 3156 procellae,
1535 3082 1896 3158 caeteraque
1944 3072 2177 3136 similia
2217 3071 2406 3135 intel-

414 3156 729 3240 liguntur,
759 3178 907 3243 quae
936 3179 1083 3220 cum
1110 3157 1466 3243 plenilunio
1507 3158 1874 3235 acciderint,
1911 3158 1973 3222 vi
2007 3159 2248 3242 majore
2287 3158 2406 3221 im-

462 3243 767 3307 elluntur.
862 3243 1027 3306 Haec
1056 3243 1137 3307 ab
1154 3243 1425 3308 horridis
1450 3242 1766 3308 sideribus
1788 3254 2035 3307 exeunt
2053 3246 2148 3324 (ut
2171 3245 2406 3329 saepius

466 3327 723 3412 'ximus)
782 3329 983 3394 veluti
1029 3329 1335 3406 Arctur0,
1389 3328 1654 3408 Orione,
1705 3329 1964 3393 Hoedis.
2055 3327 2204 3394 Alia
2255 3340 2408 3393 sunt

416 3413 547 3491 illa,
604 3437 751 3500 quae
804 3414 1034 3478 silente
1086 3415 1263 3492 caelo,
1324 3415 1567 3479 serenis
1624 3415 1922 3478 noctibus
1977 3415 2168 3492 fiunt,
2227 3415 2408 3480 nullo

416 3500 757 3577 sentiente,
788 3501 913 3564 nisi
944 3522 1089 3564 cum
1121 3501 1290 3565 facta
1318 3511 1473 3564 sunt
1498 3501 1793 3584 publica:
1842 3511 1911 3564 et
1957 3523 2206 3584 magnae
2255 3512 2408 3566 sunt

418 3584 798 3649 differentiae
828 3609 866 3650 a
894 3586 1235 3670 prioribuS,
1286 3586 1425 3650 aliis
1454 3586 1842 3670 rubiginem,
1882 3586 2018 3650 aliis
2048 3587 2405 3664 uredinem,

417 3670 557 3734 aliis
579 3671 912 3755 caliginem
943 3672 1421 3756 impellentibus
1446 3695 1461 3736 ε
1496 3672 1791 3736 omnibus
1809 3695 1956 3736 vero
1979 3672 2399 3737 sterilitatem.

420 3755 525 3820 De
553 3756 654 3821 his
683 3778 855 3821 nunc
886 3756 1186 3836 dicemus,
1242 3779 1389 3842 quae
1418 3769 1570 3823 ante
1618 3780 1734 3822 nos
1763 3781 1801 3822 a
1828 3757 2009 3821 nullo
2055 3768 2209 3821 sunt
2259 3781 2409 3843 pro-

418 3841 573 3906 dita.
665 3842 857 3906 Prius
886 3865 1105 3908 causas
1135 3844 1474 3908 reddemus
1513 3866 1753 3921 eorum,
1803 3865 1950 3930 quae
1991 3854 2146 3908 sunt
2173 3853 2411 3927 praeter

415 3927 731 4006 lunarem,
764 3939 832 3992 et
872 3950 1019 4014 quae
1065 3931 1286 4014 paucis
1333 3931 1473 3994 caeli
1512 3929 1666 3993 locis
1703 3939 2016 4014 constant.
2107 3928 2411 4014 Namque

419 4011 729 4098 Vergiliae
775 4015 1123 4099 primatum
1163 4025 1391 4079 tenent
1430 4017 1512 4080 ad
1539 4015 1828 4100 fructus,
1853 4037 2126 4100 quarum
2176 4025 2412 4079 exortu

419 4108 605 4166 aestas
634 4100 885 4185 incipit,
916 4123 1141 4190 occasu
1168 4101 1371 4168 hiems
1401 4101 1691 4169 semestri
1731 4101 1945 4187 spacio
1990 4100 2162 4168 intra
2203 4123 2293 4179 se,
2343 4110 2411 4164 et
