2992 4842
610 563 697 624 ,⁶32
1410 582 1806 628 ossauamcr

606 719 954 810 Temperat
982 723 1049 787 in
1084 722 1381 788 Geminis
1408 745 1671 790 annum.
1765 723 1904 788 Nec
1934 723 2119 788 crede
2148 747 2392 804 serene,

610 807 857 874 Nubila
886 831 1005 874 nec
1034 809 1342 875 diuturna
1368 821 1580 894 putes,
1614 831 1816 893 quum
1845 810 2052 874 sidere
2087 810 2313 875 Cancri

613 893 899 960 Fulserit
930 895 1249 972 ardentis;
1298 907 1554 962 tantum
1583 895 1704 959 hoc
1739 895 1828 960 nil
1860 897 2066 960 sidere
2095 909 2360 962 certum.
2537 901 2601 948 55

607 979 968 1064 Flagrantis
997 981 1243 1066 placide
1272 981 1431 1046 lucis
1458 982 1554 1046 vis
1585 991 1902 1066 temperat
1931 1004 2196 1060 annum,

608 1065 833 1133 Quum
862 1068 1079 1152 posuit
1108 1066 1324 1132 sedem
1356 1066 1650 1132 Nemeaei
1679 1067 1918 1131 finibus
1947 1069 2124 1132 astri.

604 1151 1007 1238 Virgineque
1038 1163 1107 1216 et
1137 1151 1337 1216 Libra
1364 1175 1616 1237 semper
1645 1153 1994 1237 pendentia
2023 1165 2278 1218 tantum

608 1237 853 1304 Nubila
882 1239 1189 1304 continua
1215 1239 1418 1320 magis
1446 1238 1516 1301 in
1545 1239 1820 1302 statione
1849 1241 2225 1306 manebunt.

605 1322 785 1388 Tunc
816 1347 1075 1410 quoque
1104 1324 1285 1388 nulla
1316 1323 1475 1388 fides
1501 1324 1688 1401 cae10,
1721 1346 1924 1408 quum
1955 1323 2266 1410 Scorpion
2295 1347 2500 1388 acrem
2533 1327 2599 1374 ⁶⁰

608 1410 755 1474 Stat
784 1433 1017 1495 super;
1062 1411 1309 1474 incerta
1334 1431 1485 1474 nam
1536 1432 1616 1474 ue
1647 1410 1860 1474 omnia
1885 1411 2027 1494 lege
2056 1411 2390 1475 feruntur:

608 1495 763 1560 Heu
794 1497 1054 1581 quantis
1084 1507 1285 1560 terras
1314 1506 1453 1559 tum
1529 1496 1752 1579 upitur
1781 1496 2092 1560 imbribus
2121 1520 2340 1560 omnes

607 1581 901 1646 Obruet!
948 1593 1063 1647 aut
1090 1582 1443 1666 glomerata
1470 1581 1654 1646 cadet
1685 1604 1879 1665 quam
1913 1583 2111 1646 densa
2139 1605 2256 1666 per
2285 1581 2557 1646 aethram

606 1665 887 1732 Immitis
915 1667 1198 1752 grando!
1245 1667 1477 1730 caelum
1507 1688 1700 1751 quam
1732 1689 1903 1753 saepe
1932 1669 2221 1732 sonabit!

606 1752 830 1820 Quum
860 1755 1137 1838 spatium
1166 1753 1455 1836 attigerit
1483 1753 1809 1816 tendentis
1839 1755 2084 1837 spicula
2111 1753 2301 1837 signi,
2529 1752 2594 1800 65

606 1839 758 1903 Non
791 1840 977 1903 terris
1006 1840 1261 1914 imbres,
1292 1851 1493 1922 ponto
1523 1861 1655 1902 non
1685 1839 1944 1904 flamina
1972 1840 2228 1905 derunt.

603 1925 697 1990 Et
726 1926 865 1989 caeli
896 1936 1095 1989 terret
1126 1925 1371 1988 sonitus
1400 1925 1696 1988 mortalia
1722 1925 1932 2002 corda,

604 2012 829 2077 Quum
858 2011 1073 2074 sedem
1100 2007 1405 2094 AEgoceri
1436 2007 1823 2094 Cythereius
1853 2011 2070 2096 attigit
2095 2009 2286 2092 ignis.

606 2096 927 2160 Horridus
956 2108 1024 2160 at
1052 2095 1293 2180 gelidos
1323 2095 1653 2180 portendit
1687 2095 2006 2180 Aquarius
2030 2096 2288 2171 imbreS,

602 2179 1046 2266 Hibernaeque
1076 2181 1315 2245 cadunt
1348 2181 1582 2264 pluviae
1613 2194 2036 2266 concretaque
2067 2181 2328 2264 grando·
2529 2179 2595 2230 7⁰

714 2274 754 2316 ,μ
925 2268 965 2307 s
1140 2269 1180 2308 s
1358 2267 1398 2306 s
1575 2268 1615 2307 s
1791 2268 1831 2307 s
2008 2268 2048 2307 s
2222 2268 2262 2307 s
2437 2267 2477 2306 s

603 2351 893 2417 Piscibus
922 2376 961 2416 a
988 2350 1259 2435 geminis
1288 2352 1409 2415 sub
1442 2352 1650 2436 prima
1677 2363 2032 2416 recurreret
2061 2364 2233 2415 astra

605 2437 955 2522 Hesperos,
978 2439 1116 2501 haee
1146 2438 1265 2501 tibi
1294 2437 1475 2521 signa
1503 2438 1690 2516 feret,
1723 2437 1972 2522 quum†
2003 2437 2262 2501 Lucifer
2289 2459 2404 2500 ora

602 2524 975 2608 Ingreditur
1002 2522 1231 2590 Venus
1258 2523 1425 2588 alma
1453 2524 1674 2607 polum
1701 2548 1718 2600 ς
1765 2524 1878 2588 sed
1908 2525 2020 2587 ubi
2055 2524 2380 2608 Hesperos
2410 2523 2592 2606 ignes

605 2607 917 2674 Provocat
945 2609 1243 2674 aetherios
1272 2619 1341 2672 et
1368 2620 1624 2674 noctem
1654 2610 1887 2674 ducere
1917 2610 2102 2673 terris

603 2694 865 2780 Incipit,
896 2695 1192 2759 exoriens
1221 2717 1365 2759 ecce
1393 2695 1534 2759 haec
1567 2691 1892 2779 Cytherea
1919 2695 2224 2760 movebit.
2527 2692 2590 2744 75

600 2779 775 2844 Vere
807 2791 1027 2846 caveto
1050 2781 1285 2844 imbres
1314 2791 1382 2844 et
1407 2781 1682 2844 fulmina
1711 2781 1990 2844 culmine
2019 2782 2100 2844 ab
2125 2780 2278 2858 alte,

603 2864 961 2931 Phrixeum
988 2867 1183 2931 rutilo
1211 2889 1407 2951 pecus
1436 2877 1514 2930 ut
1540 2867 1878 2930 radiaverit
1907 2878 2101 2943 astru,

603 2951 849 3017 Nubila
876 2953 1390 3035 commixtusque
1414 2953 1628 3035 fragor
1657 2951 2040 3036 pluvialibus
2073 2951 2282 3028 undis,

601 3036 1021 3123 Flaminaque
1051 3039 1303 3102 assiduo
1334 3038 1521 3101 terris
1549 3038 1855 3101 instantia
1884 3038 2078 3122 pulsu

600 3121 695 3187 Et
724 3122 879 3188 dirae
910 3123 1065 3186 caelo
1096 3124 1326 3210 dejecti
1354 3123 1680 3206 grandinis
1707 3123 1896 3201 ictus,
2511 3122 2588 3168 ⁴⁸⁰

600 3206 738 3272 Ver
766 3211 967 3293 magis
994 3210 1285 3286 infidum,
1315 3207 1512 3272 Tauri
1541 3231 1740 3293 quum
1771 3209 1976 3272 sidere
2002 3207 2206 3284 fulsit,

601 3293 966 3378 Apportat;
1011 3295 1305 3358 Geminis
1334 3295 1556 3358 eadem
1583 3295 2012 3358 inconstantia
2037 3303 2282 3376 perstat
2305 3315 2326 3356 τ

601 3380 826 3445 Quum
857 3381 1103 3445 dederit
1130 3380 1314 3457 soles,
1344 3380 1608 3444 inducet
1636 3380 1860 3444 nubila
1888 3380 2082 3444 caelo:

602 3465 848 3530 Nubila
878 3488 1079 3550 quum
1108 3466 1371 3542 fuerint,
1404 3466 1650 3530 subitos
1679 3466 1991 3529 mirabere
2021 3465 2212 3541 soles;

600 3551 693 3614 Et
721 3552 910 3615 modo
940 3552 1019 3615 de
1050 3562 1263 3628 vent0,
1295 3551 1507 3634 gelido
1535 3551 1726 3614 modo
1755 3551 2052 3635 protinus
2082 3551 2286 3614 imbre
2525 3553 2587 3598 85

600 3636 887 3715 Ducens,
920 3637 1167 3701 alterna
1194 3637 1523 3720 superabit
1551 3637 1724 3699 nube
1753 3659 1997 3700 serena.

603 3723 675 3786 Si
702 3721 930 3788 Venus
952 3724 1237 3806 ingressa
1267 3733 1365 3787 est
1392 3721 1653 3806 spatiosi
1681 3722 1888 3786 sidera
1920 3721 2171 3798 Cancri,

601 3808 835 3873 Pacem
862 3809 1143 3872 mundus
1171 3808 1393 3885 habet3
1440 3830 1571 3870 non
1594 3807 1710 3871 ulli
1740 3830 2002 3892 corpora
2029 3807 2192 3870 soles

601 3894 898 3959 Pestiferi
927 3894 1300 3970 incendunt,
1332 3915 1465 3957 non
1494 3893 1700 3958 sidera
1729 3893 1924 3957 densa
1953 3893 2194 3957 solutos

601 3979 993 4064 Astringunt
1026 3991 1203 4044 artus
1233 3979 1441 4043 alieno
1470 3991 1759 4064 tempore
1785 4005 1801 4057 3
1845 3980 2010 4043 lenis
2527 3976 2592 4023 90

602 4065 838 4130 Omnia
866 4077 1092 4152 pacato
1122 4077 1265 4129 tum
1294 4065 1500 4130 sidere
1530 4075 1848 4150 temperat
1877 4075 2002 4132 aer.
