2992 4842
1074 562 1145 596 An
1172 561 1527 597 PHAENOMENA
1552 562 1787 598 anai-EA.
2308 550 2430 599 xxiii

431 685 567 734 dicit.
635 685 860 735 Ferratos
889 686 1046 735 dentes
1083 701 1186 735 esse
1228 685 1398 749 ὀχῆας
1439 687 1587 736 Arati.
1660 686 1955 734 claviculam
1992 701 2097 735 esse
2134 686 2427 735 Laconicam

429 753 634 809 elavem,
655 752 715 799 de
735 767 830 813 qua
845 752 887 798 is
903 752 1096 815 copiose
1118 752 1344 815 disputat.
1373 752 1511 799 Idem
1529 766 1640 813 pag.
1662 754 1774 808 653,
1790 753 1837 799 b.
1862 751 1921 800 C.
1940 752 2007 799 ita
2028 752 2218 799 scribit:
2260 752 2427 815 Longe

431 815 659 863 disertius
681 832 738 863 ac
757 817 952 879 planius
989 824 1131 873 esset,
1173 818 1214 864 si
1249 816 1491 879 legeretur
1533 816 1709 873 Quales
1732 818 1948 878 ferratos
1987 816 2157 865 subicit
2187 818 2424 865 clavicula

428 880 605 938 dentes,
637 882 728 929 dte.
799 881 1046 944 Scn'ptum
1081 883 1238 944 qualis
1267 896 1352 944 pro
1377 882 1554 944 quales.
1622 882 1966 944 Repetendum
2001 897 2060 929 ex
2095 882 2334 945 sequenti,
2366 897 2423 929 ac

426 946 815 993 subaudiendum
850 948 1006 1009 qualis
1027 947 1218 1006 firrato
1249 947 1472 994 claustra.
1542 946 1727 995 Quales
1771 947 1938 994 dentes
1974 946 2211 994 clavicula
2246 947 2422 994 ferrato

427 1009 643 1058 claustro
689 1011 886 1073 subjicit
928 1016 978 1059 et
1014 1012 1239 1059 succutit.
1330 1011 1400 1059 Et
1437 1027 1554 1059 sane
1594 1011 1757 1068 clavis,
1804 1026 1913 1072 quae
1953 1010 2221 1059 claustrum
2254 1012 2422 1073 januae

426 1076 638 1123 succutit
682 1082 731 1123 et
773 1091 968 1123 sursum
1021 1076 1163 1139 pellit
1206 1084 1259 1124 ut
1312 1076 1571 1139 aperiatur,
1630 1075 1841 1123 claustro
1901 1076 2069 1138 utique
2124 1076 2423 1137 subjicienda

426 1147 520 1187 est.
626 1140 802 1197 Quales
834 1142 1027 1201 serrato
1063 1141 1382 1202 repetendum
1415 1156 1475 1187 ex
1516 1141 1828 1202 sequentibus
1863 1142 2082 1188 claustro.
2172 1141 2420 1203 Loquutio

425 1204 582 1265 poe'tis
617 1205 884 1253 familiaris.
974 1205 1170 1253 Fer-rati
1201 1206 1358 1253 dentes
1393 1204 1543 1253 clavis
1581 1205 1713 1252 haud
1753 1213 1880 1252 recte
1926 1206 2161 1262 dicantur,
2206 1206 2290 1268 qui
2329 1203 2419 1252 ἀυ-

425 1268 668 1332 τόχρημα
689 1270 832 1317 ferrei
856 1276 988 1317 sunt.
1057 1270 1130 1317 Ut
1163 1286 1254 1318 nec
1289 1277 1485 1317 auratus
1520 1285 1607 1331 pro
1634 1286 1781 1317 aureo
1817 1277 2092 1331 usurpatur,
2134 1271 2225 1317 διο.
2294 1270 2419 1319 Haec

423 1335 706 1382 Salmasius.
773 1334 976 1391 Dentes)
1000 1336 1186 1383 Dentes
1208 1335 1258 1382 in
1281 1335 1498 1382 clavibus
1520 1336 1756 1382 dicebant.
1823 1334 2005 1383 Tibull.
2023 1335 2107 1382 lib.
2130 1337 2164 1382 1.
2190 1335 2326 1397 Eleg.
2345 1337 2423 1385 II.

424 1414 470 1447 v.
501 1401 573 1447 18.
598 1402 691 1447 Seu
709 1406 887 1447 reserat
906 1403 1020 1461 fito
1054 1400 1188 1447 dente
1203 1401 1368 1462 puella
1385 1402 1538 1461 sores.
1610 1400 1706 1447 Hic
1728 1401 1959 1461 crgofito
1980 1400 2113 1447 dente
2141 1406 2215 1447 est
2241 1404 2421 1449 inserta

420 1464 560 1511 clavi.
602 1464 856 1511 Turnebus
876 1464 960 1512 lib.
987 1462 1129 1513 XVI.
1152 1482 1193 1513 c.
1215 1468 1262 1513 4.
1285 1462 2100 1527 Adversar.-SCH.-—-Pernox]
2126 1465 2229 1526 gsb.
2248 1469 2423 1527 pernix

421 1527 514 1575 AF
518 1529 570 1576 P.
593 1544 688 1576 nox
709 1529 773 1576 E.
839 1530 1010 1591 (Ibid.)
1028 1531 1136 1578 caelo
1157 1545 1300 1593 quum
1321 1529 1486 1591 Luna]
1516 1530 1743 1590 AFPgsb.
1766 1544 1871 1576 cum
1892 1531 2051 1578 stellas
2077 1530 2189 1577 EG.
2252 1530 2423 1591 (Ibid.)

421 1592 634 1656 refulsit]
661 1594 844 1641 AEGF
866 1596 1064 1659 refizlqet
1087 1596 1230 1657 Pgsb.
1253 1595 1454 1658 (pernox
1475 1610 1621 1657 qaum
1639 1595 1799 1641 stellas
1816 1598 1954 1641 Luna
1979 1595 2167 1655 refiitsit
2184 1609 2233 1656 g.
2264 1596 2419 1657 susp.)

493 1724 602 1771 195.
643 1722 891 1786 Disposita
921 1724 1015 1783 est)
1059 1726 1140 1774 Ita
1174 1725 1298 1772 bene
1321 1724 1430 1771 MS.
1457 1720 1715 1772 διάκειται.
1785 1722 1921 1771 Male
1943 1723 2126 1785 vulgati
2164 1724 2416 1786 dispositis.

424 1786 560 1835 Male
598 1788 826 1899 sequeng
855 1804 1000 1837 versu
1037 1791 1147 1839 MS.
1168 1792 1211 1837 si
1230 1803 1317 1852 pro
1351 1793 1434 1838 sic.
1506 1788 2124 1837 Gnor.—-SCH.-—Est
2147 1788 2299 1837 brevis
2323 1792 2414 1851 Eg.

445 1866 540 1900 om.
566 1858 612 1899 et
635 1856 692 1899 E.
719 1880 780 1887 —
831 1854 896 1902 R.

422 1853 442 1913 (
498 1919 603 1965 196.
641 1853 852 1977 Sgbicit]
878 1918 1060 1967 AFPb.
1093 1918 1237 1966 obicit
1259 1918 1400 1979 EGg.
1434 1916 1556 1964 obici
1580 1918 1639 1965 de
1658 1932 1705 1979 g.
1733 1917 1859 1979 conj.
1880 1932 1919 1965 s.
1954 1918 2105 1965 dentis
2129 1918 2365 1966 E.-0R.

492 1982 597 2033 197.
633 1980 900 2045 Praeducti]
937 1984 1025 2030 Eb.
1049 1984 1213 2045 sicque
1235 1982 1425 2031 volebat
1447 1981 1760 2045 Oudendorp.
1782 1983 1843 2030 ad
1868 1983 2043 2045 Appul.
2066 1983 2125 2032 Τ.
2148 1984 2191 2032 Ι.
2227 1999 2276 2046 p.
2302 1984 2411 2031 651.

413 2048 634 2108 predicti
657 2047 752 2109 Gg.
779 2049 1011 2109 praeducit
1033 2048 1199 2095 AFPs.
1240 2048 1466 2108 (claustra
1488 2062 1724 2109 supet-scr.
1748 2051 1782 2094 i.
1814 2046 2009 2108 E.)-—-O
2020 2051 2073 2095 R.

486 2113 599 2159 198.
631 2112 882 2173 Disposita
902 2120 969 2161 est
985 2111 1156 2175 stellis]
1180 2113 1382 2173 EGgsb.
1400 2112 1644 2173 dispositis
1660 2112 1808 2160 stellis
1825 2112 1973 2159 AFP.
1998 2113 2162 2159 orrida
2176 2112 2411 2160 A.—0R.

491 2178 613 2239 199„
635 2176 718 2223 Sic
739 2177 890 2224 tendit
904 2194 956 2239 p.
978 2176 1083 2240 ἐξα]
1115 2179 1231 2225 Haec
1252 2185 1498 2239 postrema
1520 2176 1579 2224 de
1604 2178 1887 2238 figuratione
1925 2176 2197 2239 Cassiepeae
2220 2177 2410 2239 palmas

421 2240 680 2298 tendentis,
703 2242 842 2303 quasi
865 2243 1062 2305 plangat
1087 2242 1465 2298 Andromedam,
1501 2250 1637 2289 extra
1657 2242 2064 2304 comparationem
2088 2242 2235 2289 clavis
2258 2242 2414 2303 posita

421 2313 548 2363 sunt,
585 2313 634 2353 et
667 2307 788 2353 nihil
823 2307 1003 2355 habent
1025 2323 1138 2355 cum
1175 2323 1232 2354 ea
1265 2320 1540 2365 commune,
1567 2310 1658 2355 διο.
1728 2307 1933 2354 Salmas.
1959 2306 2171 2354 Exercit.
2198 2307 2409 2354 Plinian-

419 2384 532 2431 pag.
555 2371 671 2418 653.
691 2372 954 2419 b.--SCH.
1093 2372 1190 2419 Ceu
1208 2370 1294 2432 sit]
1323 2371 1468 2432 Pgsb.
1505 2387 1589 2418 ceu
1610 2375 1652 2419 si
1677 2370 2061 2420 AEGF.—-OR.

486 2437 597 2483 200.
629 2435 889 2498 Meritum]
929 2437 997 2483 ita
1037 2437 1145 2485 MS.
1184 2436 1386 2497 Vulgati
1417 2438 1610 2484 merita.
1679 2437 1958 2498 Utrumque
1992 2436 2181 2483 tolerari
2216 2443 2406 2499 potest:

418 2498 528 2556 hoc,
562 2506 618 2547 ut
649 2500 884 2557 dicamus,
922 2501 1099 2563 injusta
1129 2501 1328 2563 piacula
1359 2504 1537 2549 meritae
1568 2504 1764 2549 matris:
1797 2501 1935 2557 illud,
1958 2508 2014 2549 ut
2035 2501 2279 2557 dicamus;
2315 2504 2406 2548 im·

418 2566 637 2612 meritam
651 2564 992 2627 piaculajusta
1014 2569 1195 2614 matris.
1266 2565 1363 2612 Sed
1396 2565 1534 2627 prius
1563 2567 1835 2615 venustius.
1904 2566 2078 2613 GRoT.
2149 2567 2261 2614 Non
2272 2567 2410 2629 justa

409 2628 631 2688 piacula)
656 2630 830 2677 Manil.
854 2630 915 2677 V.
940 2633 1048 2678 535.
1117 2630 1259 2677 Hanc
1293 2628 1533 2693 quondam
1560 2646 1706 2692 poenae
1738 2632 1951 2679 dirorum
1984 2631 2125 2692 culpa
2152 2638 2407 2694 parentum

418 2690 658 2753 Prodidit,
693 2698 773 2752 dyc.
842 2695 1056 2758 Propert.
1098 2694 1171 2742 IV
1209 2694 1331 2757 eleg.
1359 2696 1404 2746 7.
1439 2710 1483 2741 v.
1523 2696 1599 2743 63.
1667 2694 2047 2759 Andromedeque
2088 2702 2136 2742 et
2170 2696 2405 2758 Hyperm-

413 2764 566 2805 nestre
601 2761 702 2806 sine
725 2760 906 2819 fraude
944 2762 1125 2807 marita
1167 2760 1390 2807 Narrant
1422 2760 1633 2807 historice
1653 2766 1848 2824 pectora
1870 2765 1984 2807 nota
2004 2774 2114 2808 suae.
2184 2764 2298 2808 Haec
2320 2776 2407 2808 sua

415 2827 646 2870 maternis
661 2826 881 2885 queritur
903 2826 1045 2872 livere
1066 2828 1242 2872 catenis
1275 2823 1505 2883 Brachia,
1546 2840 1631 2872 nec
1662 2827 1855 2873 meritas
1872 2825 2065 2886 friqida
2084 2840 2203 2872 saxa
2224 2841 2404 2885 manus,

415 2890 491 2943 &a
559 2887 768 2951 Matris]
794 2889 844 2935 in
870 2889 1104 2937 Nereidas
1127 2890 1362 2951 superbae.
1429 2889 1636 2936 Lucian.
1664 2906 1749 2953 pro
1770 2891 1917 2951 imag.
1939 2904 1985 2951 p.
2016 2892 2088 2938 19.
2157 2890 2331 2938 Manil.
2356 2891 2403 2940 I.

414 2953 527 3008 353,
551 2968 682 3015 seqq.
751 2953 892 3001 ovid.
917 2954 1123 3001 Metam.
1149 2954 1239 3001 IV.
1267 2955 1377 3011 669,
1393 2954 2094 3016 seqq.—SCH.—Meritae]
2116 2955 2285 3003 AFPs.
2308 2956 2339 3003 i.
2360 2971 2401 3004 e.

415 3017 2263 3146 q⁰ss²0³1¹²³312212522221¹¹2255ffgffiffiwafflt'ffgffiassffff]
2299 3083 2401 3132 fin.

413 3147 656 3206 quondam
697 3147 880 3208 Cephei
918 3149 1044 3210 regis
1081 3148 1374 3211 AEthiopum
1413 3154 1463 3195 et
1505 3148 1809 3211 Cassiepeiae.
1895 3147 2019 3196 Haee
2054 3156 2210 3197 mater
2246 3164 2399 3210 quum

413 3224 551 3257 suam
575 3212 952 3273 pulcritudinem
977 3214 1271 3276 praetulisset
1293 3213 1366 3259 illi
1387 3213 1613 3269 sunonis,
1651 3220 1752 3270 aut,
1790 3219 1846 3261 ut
1882 3213 1961 3260 alii
2006 3213 2188 3270 dicunt,
2226 3213 2399 3261 Nerei-

413 3273 560 3322 dum:
598 3290 765 3323 earum
786 3276 979 3325 hortatu
1005 3278 1266 3339 Neptunus
1289 3293 1375 3340 per
1407 3284 1512 3324 cete
1546 3278 1848 3340 AEthiopiam
1872 3278 2102 3325 vastavit:
2138 3278 2217 3326 cui
2240 3279 2397 3327 beluae

410 3338 637 3401 Cepheus
661 3342 814 3388 filiam
844 3342 1021 3403 ol›jeeit
1053 3357 1138 3404 pro
1174 3342 1296 3389 cibo.
1364 3341 1480 3391 vid.
1502 3341 1708 3391 Tzetzes
1731 3343 1791 3390 ad
1825 3343 2067 3405 Lycophr.
2091 3342 2329 3391 Alexand.
2355 3359 2398 3393 v.

414 3405 524 3451 836.
591 3405 916 3469 Apollodorus
940 3406 1171 3455 Biblioth.
1207 3406 1290 3455 lib.
1315 3406 1418 3454 ΙΙΙ.
1488 3406 1659 3455 Strabo
1682 3407 1766 3456 lib.
1789 3407 1930 3455 XVI.
1951 3423 1998 3469 p.
2028 3409 2169 3457 1100.
2237 3409 2397 3471 Hygi-

412 3482 520 3525 nus,
547 3471 635 3518 διο.
702 3470 1014 3520 Andromeda
1033 3472 1234 3519 liberata
1265 3487 1295 3519 a
1329 3471 1526 3529 Perseo,
1560 3472 1748 3535 peperit
1768 3487 1829 3519 ex
1852 3487 1909 3519 eo
1934 3472 2091 3520 filium
2114 3473 2400 3537 Erythram.

411 3532 595 3595 Capell.
632 3535 690 3583 de
726 3536 973 3584 Geometr.
998 3552 1106 3599 pag.
1131 3538 1240 3584 219.
1313 3536 1511 3583 Cernere
1532 3535 1689 3599 posse]
1721 3537 1798 3584 Ita
1821 3537 1932 3585 MS.
1956 3537 2156 3599 Vulgati
2176 3539 2396 3596 nominam,

411 3612 472 3644 ex
503 3615 599 3662 quo
633 3601 886 3647 commodo
905 3617 1051 3648 sensu
1073 3616 1344 3665 quanquam
1365 3602 1521 3662 possis
1542 3602 1713 3649 facere.
1780 3602 1873 3649 Sed
1904 3603 2220 3665 manuscripti
2253 3604 2396 3652 lectio

409 3676 538 3719 vera,
571 3680 707 3725 posse
747 3666 857 3713 licet
893 3680 980 3727 pro
1016 3667 1124 3713 licet
1163 3665 1462 3727 simpliciter.
1532 3666 1611 3714 Ita
1642 3666 1817 3714 Manili
1854 3682 1876 3714 s
1894 3671 2048 3729 potuit
2067 3682 2289 3729 yenerare
2311 3683 2396 3730 pro

370 3746 378 3753 ·
403 3732 663 3789 yeneravit.
728 3729 797 3778 Et
830 3746 958 3792 saepe
980 3731 1126 3778 talem
1149 3730 1346 3793 phrasin
1369 3731 1616 3779 observavi
1648 3747 1675 3778 a
1711 3731 1777 3778 ud
1871 3732 2109 3779 artianum
2146 3733 2397 3793 Capellam

408 3794 686 3854 nuperrime
707 3810 736 3841 a
756 3810 836 3842 me
873 3795 1073 3843 editum.
1143 3795 1535 3843 Gno'r.—-SCH.
1664 3747 2170 3863 EndromedeAPgsb.
2205 3799 2395 3844 Andro-

406 3859 591 3906 medam
628 3858 784 3910 EGF.
837 3859 1009 3920 (lbid.)
1057 3876 1242 3909 cernere
1259 3858 1419 3921 posse]
1446 3860 1645 3921 EGgsb.
1684 3859 2032 3907 CERNERE
2057 3859 2267 3907 NOTU
2280 3877 2395 3909 cum

406 3920 494 3969 lin.
518 3937 665 3985 supra
684 3923 758 3971 lit.
780 3923 833 3971 V.
860 3925 922 3971 G.
957 3940 1141 3972 cernere
1163 3926 1369 3972 nondum
1393 3925 1543 3971 FR-
1560 3925 1671 3972 ΟΒ..

405 3987 834 4112 Εξο2ὸξηιὶσαε]
877 3989 1009 4037 Male
1053 3990 1163 4040 MS.
1202 3992 1362 4037 micat.
1435 3988 2123 4038 Gno'r.—SCH.-——-Micat
2164 3988 2224 4035 G.
2277 3990 2393 4048 (non
