2992 4842
1264 583 1576 628 scnomA.
2342 565 2437 630 35.

429 720 558 784 vita
587 720 725 784 sine
752 742 908 784 cura
937 730 1003 784 et
1031 721 1434 785 solicitudine
1458 722 1753 785 futuros:
1802 721 1914 786 sed
1936 744 2082 786 cum
2106 723 2429 808 negligen-

430 807 557 870 tius
589 807 962 890 aequitatem
995 807 1398 870 observantes
1428 807 1841 884 declinarent,
1874 808 2268 894 insidiisque,
2310 832 2421 874 cu-

429 891 698 974 piditate
728 904 794 955 et
818 893 1080 955 avaritia
1104 893 1264 955 alter
1286 893 1559 956 alterum
1584 893 1929 976 deciperet,
1954 894 2035 957 ab
2059 894 2423 960 hominibus

427 977 805 1053 discessisse,
831 997 898 1041 et
921 979 1114 1060 digna
1140 976 1380 1042 caelesti
1406 1001 1675 1042 numero
1698 979 2057 1043 immortale
2080 983 2421 1064 praemium

427 1063 690 1146 pietatis
719 1064 1020 1147 possedit.
1115 1063 1335 1127 Habet
1375 1077 1595 1127 autem
1640 1065 1855 1128 stellas
1905 1065 1975 1128 iu
2027 1067 2235 1150 capite
2276 1069 2423 1140 obs-,

425 1170 644 1210 curam
675 1149 864 1212 nimis
899 1171 1113 1225 unam,
1145 1149 1214 1212 in
1245 1149 1512 1231 singulis
1540 1149 1821 1213 humeris
1852 1151 2157 1233 singulas,
2176 1153 2245 1216 in
2260 1175 2419 1218 una-

427 1256 686 1316 quaque
735 1235 834 1297 ala
879 1235 1178 1298 obscuras
1225 1235 1421 1298 duas:
1469 1257 1557 1298 ex
1587 1235 1677 1299 eis
1707 1257 1855 1320 quae
1902 1247 2054 1300 sunt
2092 1237 2159 1301 in
2190 1238 2423 1303 dextra

426 1319 546 1395 ala,
582 1343 620 1382 a
649 1331 828 1402 parte
858 1320 1130 1396 humeri,
1175 1330 1273 1383 est
1301 1319 1468 1384 clara
1498 1342 1647 1396 una,
1700 1321 1855 1384 etin
1888 1320 2155 1405 singulis
2184 1324 2417 1389 cubitis

421 1404 728 1487 singulas,
756 1405 826 1468 in
849 1405 1114 1488 singulis
1145 1407 1442 1470 manibus
1473 1405 1789 1489 singulas:
1836 1406 1947 1470 illa
1975 1429 2123 1491 quae
2163 1409 2417 1488 dextra,

423 1489 649 1554 clarior
679 1501 798 1567 est,
829 1502 899 1554 et
924 1503 1185 1555 vocatur
1216 1491 1438 1576 Spica:
1486 1492 1555 1554 in
1586 1491 1805 1556 tunica
1834 1492 2135 1558 obscuras
2162 1516 2303 1573 sex,
2348 1495 2418 1560 in

423 1575 690 1657 singulis
707 1577 977 1661 pedibus
999 1577 1302 1659 singulas.
1396 1575 1567 1641 Simt
1592 1599 1813 1641 omnes
1838 1578 2055 1642 decem
2080 1590 2149 1644 et
2168 1601 2417 1648 novem.

511 1660 604 1724 Hi
634 1662 934 1725 dicuntur
965 1660 1196 1727 Castor
1225 1673 1293 1726 et
1322 1660 1584 1739 Pollux,
1602 1661 1829 1726 fratres
1850 1663 2115 1728 Gemini
2136 1666 2420 1732 maxima

421 1748 774 1824 concordia,
818 1771 854 1810 e
885 1747 1120 1832 quibus
1143 1770 1290 1812 cum
1311 1771 1481 1812 unus
1512 1748 1840 1813 cecidisset
1866 1749 1939 1813 in
1966 1772 2183 1834 pugna
2224 1774 2422 1836 quam.

421 1832 720 1896 adversus
773 1832 1206 1896 Athenienses
1257 1834 1591 1916 gerebant,
1644 1834 1811 1897 alter
1866 1835 2419 1902 immortalitatem

419 1919 684 2001 accepit,
719 1941 880 2002 quos
909 1918 1168 2002 Jupiter
1198 1931 1506 2002 utrosque
1532 1919 1689 1983 caelo
1717 1919 1939 1984 intulit
1970 1921 2415 2007 sideribusque

419 2001 736 2066 Geminos
771 2004 1142 2084 nominavit,
1169 2005 1284 2088 qui
1309 2005 1617 2068 salutares
1646 2017 1801 2068 sunt
1824 2005 2149 2090 appellati.
2243 2008 2417 2074 Nam

418 2100 486 2151 et
518 2088 746 2152 horum
775 2089 980 2152 stellae
1017 2090 1109 2154 ita
1137 2113 1204 2152 se
1233 2088 1477 2154 habent
1508 2101 1602 2167 ut,
1636 2091 1963 2154 occidente
1991 2114 2139 2169 una,
2172 2093 2417 2158 oriatur

416 2173 640 2238 altera.
730 2174 864 2239 Alii
904 2174 1128 2238 volunt
1169 2171 1558 2240 Zethum'et
1588 2175 2022 2260 Amphionem
2066 2199 2224 2254 esse,
2268 2179 2415 2244 ideo

414 2281 589 2322 unus
619 2282 868 2337 zonam,
903 2261 1063 2324 alter
1095 2260 1298 2345 lyram
1337 2261 1553 2326 habet.
1608 2321 1617 2330 .
1648 2261 1949 2345 Nigidius
1993 2263 2143 2326 deos
2190 2263 2414 2329 Samo·-

413 2345 664 2408 thracas
693 2346 882 2422 dixit,
913 2368 1188 2429 quorum
1217 2359 1670 2430 argumentum
1696 2348 1873 2413 nefas
1903 2347 1989 2412 sit
2016 2371 2411 2429 enumerare,

413 2444 678 2513 propter
691 2454 817 2508 eOS,
833 2433 947 2515 qui
960 2432 1324 2496 ministeriis
1337 2444 1646 2516 praesunt.
1714 2432 1886 2498 Item
1905 2433 2058 2497 dicit
2072 2433 2411 2500 Castorem

414 2525 482 2578 et
513 2515 859 2592 Pollucem,
897 2516 1315 2602 Tyndaridas,
1349 2517 1773 2582 Geminorum
1796 2518 2037 2583 honore
2056 2519 2408 2600 decoratos,

412 2602 590 2684 quod
639 2602 956 2686 principes
998 2603 1346 2687 pacationis
1388 2604 1716 2668 dicantur:
1765 2605 1949 2688 quod
1979 2627 2153 2669 mare
2195 2616 2409 2672 totum

413 2687 824 2770 praedonibus
865 2689 1296 2773 maleficisque-
1338 2700 1635 2773 pacatum
1677 2690 2121 2768 reddidissent,
2165 2702 2234 2755 et
2275 2715 2407 2776 quo

413 2771 484 2834 in
513 2783 800 2857 tempore
833 2774 1265 2856 navigaverint
1295 2797 1442 2838 cum
1484 2774 1718 2839 Jasone
1758 2787 1953 2860 atque
1999 2775 2285 2841 Hercule
2324 2779 2407 2843 ad

413 2857 644 2940 pellem
677 2859 1034 2922 inauratam
1063 2859 1498 2937 auferendam,
1529 2861 1749 2925 multis
1786 2860 2022 2926 laboris
2061 2873 2407 2946 tempesta-

413 2943 714 3027 tibusque
741 2945 1040 3021 conflicti,
1073 2945 1500 3028 periculorum
1530 2957 1725 3030 atque
1744 2947 2101 3011 animorum
2126 2950 2403 3032 experti,

411 3027 736 3112 impendia
781 3030 1104 3093 laboribus
1149 3030 1418 3096 liberare
1460 3032 1889 3096 studuerunt:
1937 3044 2134 3117 atque
2175 3055 2321 3098 cum
2363 3058 2403 3099 a

409 3112 568 3177 Jove
601 3129 812 3179 essent
842 3115 1016 3193 elati,
1034 3113 1039 3118 ’
1060 3116 1390 3200 petierunt
1417 3140 1456 3180 a
1485 3129 1690 3200 patre,
1722 3128 1799 3182 ut
1824 3118 1945 3182 sibi
1973 3118 2195 3182 liceret
2223 3119 2293 3182 in
2323 3143 2401 3184 eo

411 3199 549 3262 caeli
578 3199 717 3264 loco
746 3201 1072 3280 constitui,
1102 3202 1272 3266 unde
1313 3202 1691 3266 mortalibus
1730 3203 2117 3268 auxiliantes
2155 3206 2402 3290 prospi-

407 3305 551 3348 cere
581 3298 862 3369 possent.
953 3285 1392 3352 Quamobrem
1423 3287 1515 3351 eis
1546 3310 1911 3352 concessum
1938 3300 2035 3354 est
2054 3290 2399 3355 immortali

407 3371 714 3434 memoria
740 3371 1010 3456 locoque
1039 3373 1366 3450 constitui,
1407 3383 1474 3438 et
1503 3374 1823 3458 plerisque
1870 3375 2245 3440 mortalibus
2284 3399 2399 3442 au-

407 3455 712 3520 xiliantes
771 3457 874 3520 sui
923 3470 1300 3542 conspectus
1357 3460 1629 3541 gratiam
1689 3459 2003 3543 praebent.
2096 3459 2396 3526 Quorum

451 3541 579 3604 rior
607 3541 804 3606 habet
845 3543 1080 3620 stellaS,
1121 3544 1192 3606 in
1230 3545 1438 3628 capite
1479 3544 1711 3608 claram
1752 3567 1967 3622 unam,
2010 3548 2081 3611 in
2127 3547 2394 3630 singulis

404 3563 686 3690 {umeris
713 3628 996 3712 singulas
1019 3629 1236 3706 claraS,
1257 3630 1326 3694 in
1345 3630 1577 3694 dextro
1599 3631 1817 3695 cubito
1838 3654 2054 3707 unam,
2078 3631 2146 3694 in
2172 3632 2394 3697 eadem

403 3734 602 3779 manu
634 3734 848 3790 unam,
879 3714 948 3778 in
977 3714 1243 3797 singulis
1271 3715 1545 3798 genibus
1574 3717 1878 3800 singulas,
1907 3717 1975 3780 in
1994 3716 2261 3800 singulis
2284 3739 2395 3801 pe-

403 3797 589 3860 dibus
627 3798 927 3881 singulas·
1019 3797 1190 3864 Sunt
1221 3822 1440 3865 omnes
1460 3823 1707 3864 novem.
1800 3803 1991 3866 Alter
2014 3803 2123 3887 qui
2144 3797 2392 3887 Propus

401 3882 780 3966 appellatur,
812 3885 866 3948 is
887 3886 1086 3969 juxta
1114 3909 1410 3950 cancrum
1443 3897 1562 3964 est,
1593 3886 1788 3951 habet
1818 3888 2051 3963 stellae,
2082 3887 2152 3950 in
2183 3888 2391 3972 capite

399 3967 633 4032 claram
664 3991 880 4047 unam,
911 3971 982 4034 in
1009 3971 1276 4053 singulis
1305 3973 1667 4036 mammillis
1698 3972 2001 4056 singula&
2032 3973 2102 4040 in
2132 3972 2391 4038 sinistro

399 4054 618 4118 cubito
665 4055 846 4134 duaS,
895 4056 962 4120 in
1009 4057 1232 4122 eadem
1277 4080 1474 4124 manu
1522 4080 1738 4136 unam,
1787 4059 1857 4122 in
1902 4057 2159 4122 sinistro
2216 4081 2409 4142 genu„
