2992 4842
575 518 594 569 1
1504 536 1659 571 nom

575 658 676 709 buc
707 674 804 709 non
839 659 1082 723 pertinere
1119 660 1334 724 putabat,
1369 661 1644 723 reposuisse
1688 660 1813 709 Toto
1832 664 1991 711 clarus
2010 678 2129 727 equo
2143 680 2160 712 .-
2190 664 2321 727 quod
2342 681 2497 729 equus
2518 667 2575 715 in

575 724 732 787 figura
753 726 988 773 Centauri
1007 724 1168 788 aptius
1197 726 1458 775 memorari
1489 726 1757 775 videbatur.
1821 728 1943 775 Tam
1976 743 2123 790 parva
2161 731 2460 779 correctione
2484 748 2575 781 sua

577 790 874 838 Germanico
897 790 1168 839 vindicatur
1185 790 1416 839 doctrine
1437 791 2193 853 opinio.—SCH.—venientis
2210 795 2508 844 AE.—OR.

643 855 758 904 426.
793 855 895 902 Nec
913 855 1084 917 procul
1101 855 1150 903 Ιι.
1173 854 1220 903 lt.
1241 862 1280 903 t.
1303 870 1342 903 c.
1363 872 1406 903 e.
1427 870 1468 904 s.
1498 856 1555 903 C.
1578 856 1613 905 1.
1639 863 1819 905 tractus
1837 873 1876 904 s.
1901 860 1935 904 α’.
1959 858 2014 905 L.
2038 857 2104 905 Ρ.
2126 875 2173 906 a.
2202 858 2257 906 G.
2278 876 2318 907 c.
2342 876 2383 909 e.
2412 865 2575 909 tn'stia

575 936 614 969 s.
637 925 671 967 t.
737 919 1183 981 Hicprinosortus
1207 920 1341 983 ap.
1361 920 1601 969 ulterioris
1630 921 1679 969 V.
1700 938 1744 970 r.
1768 923 1867 982 &fi
1890 938 1933 969 o.
1952 922 2011 971 L.
2030 922 2407 987 E.c.p.e.p.p.
2428 924 2569 975 &Ea

575 1000 618 1035 s.
641 984 820 1048 triplici
839 986 890 1047 s.
914 1000 952 1033 s.
979 982 1077 1048 st]
1115 984 1237 1033 Tres
1255 984 1434 1033 iterum
1457 1000 1626 1034 versus
1660 1002 1718 1034 ex
1752 987 2107 1049 Manuscripto.
2172 988 2287 1036 Duo
2311 1000 2573 1051 sequentes

577 1049 646 1098 ita
683 1056 800 1097 sunt
837 1050 890 1098 in
925 1047 1166 1113 vulgatis:
1205 1052 1303 1097 Hic
1325 1052 1510 1113 primos
1530 1056 1665 1098 ortus
1700 1051 1869 1100 Crater
1895 1056 2073 1114 pranit
2104 1053 2358 1111 ulterioris,
2379 1054 2573 1103 Vocalis

575 1120 728 1162 ποιέω
755 1116 892 1162 Corvi
911 1128 1066 1177 super,
1095 1112 1358 1178 Hydraque
1379 1112 1520 1163 lucet.
1590 1116 1781 1164 Deinde
1804 1116 1889 1163 alii
1910 1118 2007 1164 duo
2028 1118 2089 1165 ad
2111 1118 2242 1165 hunc
2258 1120 2574 1168 asterismum

573 1180 874 1242 pertinentes
893 1180 946 1227 in
969 1178 1299 1241 manuscripto
1319 1186 1604 1241 sequuntur,
1628 1195 1751 1242 quos
1768 1196 1939 1229 omnes
1954 1182 2215 1230 admodum
2232 1191 2485 1245 corruptos
2502 1186 2577 1233 ita

575 1244 970 1292 emendavimus:
1003 1244 1109 1292 Nec
1125 1245 1297 1306 procul
1315 1244 1428 1291 hinc
1443 1244 1617 1306 hydros
1630 1245 1851 1305 trahitur,
1870 1250 1948 1303 &a
1964 1247 2037 1294 uti
2056 1262 2185 1295 nunc
2203 1249 2417 1309 expressi
2439 1256 2572 1298 sunt.

575 1308 771 1357 Confer.
787 1324 901 1357 eum
922 1307 1086 1357 Arato.
1135 1307 1362 1371 Hydrum
1385 1316 1540 1367 vocat,
1562 1318 1619 1357 ut
1636 1318 1687 1357 et
1702 1311 1919 1373 Capella,
1944 1326 2089 1372 quem
2106 1312 2285 1359 Aratus
2308 1309 2489 1376 ὕδρην,
2515 1322 2572 1361 ut

577 1380 628 1422 et
651 1374 736 1421 alii
761 1374 954 1421 Latini:
991 1389 1102 1436 quae
1127 1372 1294 1421 dubito
1315 1388 1378 1421 an
1398 1383 1529 1421 recte
1552 1374 1827 1423 distinxerit
1860 1375 2095 1435 Isidorus,
2130 1378 2269 1437 cujus
2304 1378 2452 1425 verba
2486 1380 2569 1425 ad-

577 1437 782 1487 ducam:
819 1438 1014 1501 Hydros
1035 1438 1267 1500 aquatilis
1295 1453 1501 1500 serpens,
1532 1455 1564 1486 a
1602 1455 1696 1502 quo
1728 1442 1813 1487 icti
1846 1440 2183 1504 obturgescunt.
2217 1440 2352 1503 cujas
2374 1442 2573 1505 quidam

575 1502 792 1551 morbum
813 1504 966 1551 Boam
987 1504 1168 1562 dicum,
1201 1518 1255 1549 eo
1277 1504 1543 1565 quod—fimo
1564 1503 1692 1553 bovis
1710 1504 2005 1553 remedietur.
2076 1505 2249 1567 Hydra
2271 1506 2415 1554 draco
2437 1506 2565 1555 mul-

577 1574 736 1617 torum
755 1572 981 1630 capitum,
1013 1568 1169 1630 qualis
1194 1569 1302 1629 suit
1333 1571 1386 1615 in
1419 1568 1575 1615 Len-m
1592 1569 1774 1630 palude
1793 1569 2026 1617 Arcadioe.
2056 1570 2153 1617 laec
2176 1570 2350 1617 Latium
2370 1570 2573 1620 Exedra

581 1632 730 1695 (lege,
755 1632 966 1693 excetra)
987 1633 1180 1691 dicitnr,
1202 1633 1327 1695 quod
1343 1648 1440 1679 uno
1460 1637 1613 1695 capite
1632 1648 1745 1681 σιω
1767 1638 1863 1681 tria
1884 1641 2165 1682 excrescant.
2215 1635 2291 1682 De
2317 1636 2422 1683 Boa
2438 1638 2575 1698 quod

577 1698 664 1757 ait,
689 1698 898 1747 falsum:
933 1713 1050 1745 nam
1083 1698 1189 1760 ipse
1225 1696 1426 1759 Hydrus
1467 1698 1569 1745 Bos
1604 1698 1779 1757 dictus,
1814 1700 1946 1761 quod
1976 1699 2125 1747 boum
2159 1699 2283 1746 lacte
2304 1700 2478 1759 alatur,
2520 1710 2573 1751 et

577 1762 692 1811 inde
713 1764 927 1821 morbus,
949 1762 1080 1825 quod
1101 1777 1162 1810 ex
1181 1777 1240 1810 eo
1264 1769 1496 1824 tanquam
1520 1778 1581 1811 ex
1602 1764 1707 1811 boae
1724 1778 1891 1811 morsu
1906 1778 2081 1826 corpus
2094 1764 2285 1827 papulis
2302 1772 2569 1826 turgescat.

581 1826 747 1876 Habet
779 1836 945 1875 tamen
981 1828 1197 1875 Isidorus
1220 1834 1440 1875 autorem
1461 1842 1609 1875 suum
1630 1828 1864 1876 Plinium.
1936 1828 2033 1875 Sed
2052 1844 2143 1891 ego
2164 1828 2325 1877 Plinio
2348 1830 2573 1878 Plinium

579 1892 818 1955 objiciam.
888 1893 1018 1941 Nam
1039 1892 1083 1939 is
1105 1892 1210 1954 ipse
1231 1891 1280 1939 id
1303 1892 1432 1954 quod
1455 1891 1517 1939 de
1538 1892 1719 1940 bubulo
1740 1892 1867 1941 lacte
1888 1893 2006 1951 dixi,
2038 1900 2089 1941 et
2110 1894 2418 1957 etymologia,
2450 1910 2569 1943 con-

577 1956 742 2005 firmat
763 1957 885 2005 libro
907 1956 1059 2005 VIII.
1083 1972 1186 2019 cap.
1214 1957 1292 2013 14,
1312 1956 1396 2003 ubi
1420 1957 1567 2004 etiam
1592 1958 1817 2015 ostendit,
1837 1958 1979 2006 boam
2002 1959 2055 2006 in
2068 1959 2360 2006 immensam
2380 1960 2571 2021 magni-

579 2022 804 2071 tudinem
841 2036 1132 2070 exerescere.
1201 2020 1337 2082 Ergo
1377 2022 1484 2068 Boa
1520 2028 1570 2069 et
1606 2030 1793 2070 excetra
1814 2023 1963 2070 idem.
1996 2038 2088 2071 nec
2108 2023 2271 2071 minus
2294 2023 2498 2086 Hydrus
2521 2031 2570 2071 et

584 2086 776 2148 Hydra.
843 2087 940 2136 Sed
971 2093 1026 2135 ut
1063 2086 1126 2133 ad
1160 2085 1513 2133 Germanicum
1548 2094 1863 2147 revertamur,
1898 2102 1986 2149 pro
2020 2090 2176 2136 tristia
2211 2088 2439 2137 substitui
2472 2092 2569 2136 tria

583 2151 735 2199 Arato
750 2152 971 2214 jubente.
1038 2150 1223 2199 Similis
1257 2149 1394 2197 locus
1429 2157 1534 2199 erat
1566 2151 1653 2199 ille
1686 2167 1833 2214 supra
1863 2153 2051 2214 positus
2074 2168 2119 2200 v.
2140 2153 2252 2209 357,
2282 2156 2391 2201 Duo
2411 2155 2569 2201 sidera

571 2218 858 2329 {13²5stssss
863 2216 1353 2329 tasszoe‘w‘
1373 2215 1922 2343 {Zmpffifflj
1941 2217 2571 2345 ‘fflffissi‘tuissiiiffii‘

577 2360 718 2394 arma
743 2348 981 2395 Centauri.
1015 2360 1130 2393 nam
1145 2351 1364 2393 extrema
1377 2345 1529 2393 cauda
1541 2360 1665 2408 pene
1680 2347 1811 2394 subit
1824 2361 1959 2394 arma
1978 2346 2567 2395 Chironis—SCH.—

581 2411 833 2460 Omittunt
869 2418 968 2459 tres
1001 2426 1080 2458 vv.
1110 2410 1348 2458 426-428.
1385 2408 1535 2457 AFP.
1587 2410 1786 2460 Habent
1806 2411 1918 2459 EG.
1967 2411 2142 2473 (Ibid.)
2186 2411 2408 2474 superne]
2436 2413 2496 2461 de
2518 2428 2567 2475 g.

576 2476 707 2538 conj.
733 2476 803 2525 sb.
835 2479 1030 2539 superni
1051 2476 1162 2523 EG.
1193 2472 1280 2522 sub
1301 2488 1437 2521 arma
1461 2473 1688 2522 Centauri
1708 2492 1750 2523 s.
1774 2476 2087 2537 susp—OB..

642 2542 756 2593 427.
800 2542 1001 2599 Tracta]
1029 2541 1087 2588 de
1110 2556 1157 2603 g.
1181 2538 1306 2601 conj.
1329 2538 1404 2587 sb.
1436 2544 1615 2587 tractas
1636 2540 1966 2603 EGg.——OR.

641 2607 755 2655 428.
796 2608 954 2668 Capiti
978 2605 1040 2653 Ε.
1073 2603 1247 2666 (Ibid.)
1283 2603 1400 2662 tria]
1423 2603 1480 2650 de
1504 2620 1552 2666 g.
1576 2606 1700 2667 conj.
1729 2606 1802 2653 sb.
1835 2608 1995 2653 tristia
2018 2604 2345 2667 EGg.—0R..

642 2672 754 2719 429.
796 2668 987 2734 Crater]
1012 2670 1216 2717 Ovidius
1238 2669 1410 2716 Fastor
1424 2667 1499 2720 ΙΙ.
1516 2672 1627 2729 243,
1652 2669 1944 2719 Continuata
1963 2671 2063 2717 loco
2084 2674 2179 2717 tria
2194 2670 2363 2729 sidera,
2385 2669 2567 2718 Corvus

577 2740 625 2782 et
659 2738 846 2798 Anquis
881 2735 954 2782 Et
983 2736 1168 2783 medius
1209 2734 1384 2781 Crater
1419 2735 1547 2781 inter
1580 2742 1831 2797 utrumque
1853 2736 2001 2797 Jacet.
2070 2734 2240 2782 Crater
2274 2735 2355 2781 hic
2400 2735 2567 2783 Liberi

576 2801 727 2863 patris
747 2816 868 2855 esse,
906 2807 956 2847 et
978 2800 1164 2848 animas
1185 2798 1310 2847 coelo
1333 2797 1647 2846 descensurus
1682 2800 1797 2861 hyle
1829 2799 2065 2847 inebriare
2088 2799 2281 2847 videtur
2314 2799 2565 2848 Macrobio

573 2864 628 2913 in
653 2864 819 2915 Somn.
841 2865 966 2927 Scip.
990 2864 1076 2913 lib.
1102 2864 1144 2911 Ι.
1166 2879 1210 2912 c.
1230 2864 1306 2910 12.
1372 2861 1499 2909 Aliis
1522 2863 1765 2926 Apollinis
1788 2864 2019 2925 poculum
2041 2878 2147 2911 esse
2166 2870 2379 2926 putatur.
2438 2863 2562 2912 Era-

575 2929 724 2980 tosth.
749 2936 841 2979 cat.
865 2929 1168 2978 41.—SCH.
1305 2927 1434 2973 Huic
1447 2930 1631 2989 primos
1650 2927 1822 2989 tortus]
1848 2929 1907 2976 de
1928 2944 1979 2991 g.
2002 2928 2128 2990 conj.
2154 2929 2225 2976 sb.
2268 2928 2369 2975 Hic
2381 2932 2565 2991 primos

575 3001 706 3043 ortus
730 2996 868 3056 GPg.
919 2994 1018 3042 Hic
1033 2997 1194 3056 primo
1215 2998 1282 3039 est
1303 2995 1434 3040 ortus
1454 2992 1521 3040 E.
1556 2992 1657 3040 Hic
1668 2997 1829 3054 primo
1850 3000 1981 3041 ortus
2000 2993 2064 3041 A.
2115 2994 2217 3054 (De
2240 2995 2293 3040 1².
2326 3008 2425 3041 non
2446 2994 2563 3041 satis

574 3066 777 3120 constat,
792 3059 887 3106 nisi
901 3060 1030 3121 quod
1045 3058 1250 3107 habetis
1267 3070 1486 3119 quoque:
1511 3056 1629 3117 hic.)
1648 3059 1893 3105 ulterioris
1907 3057 2139 3119 AGFPg.
2160 3058 2281 3119 (non
2299 3056 2561 3117 E.)-0R.

637 3126 750 3172 430.
785 3122 950 3172 Vocati
969 3130 1119 3172 rostro
1147 3120 1353 3183 Corvus]
1394 3122 1610 3183 Apollini
1645 3138 1796 3179 sacer,
1831 3131 2025 3185 propter
2057 3122 2299 3169 vaticinia.
2367 3121 2559 3171 Plinius

572 3188 638 3237 X.
663 3205 704 3238 c.
732 3191 806 3249 12,
835 3189 978 3237 Corvi
999 3192 1052 3237 in
1071 3191 1297 3250 auspiciis
1317 3184 1406 3234 soli
1431 3188 1649 3235 videntur
1669 3189 1955 3234 intellectum
1975 3186 2143 3234 hahere
2162 3189 2564 3249 siqnificationum

569 3268 780 3313 suarum,
818 3258 892 3312 &a
963 3252 1148 3316 Capell.
1188 3252 1248 3300 V.
1288 3268 1335 3314 p.
1380 3250 1471 3299 138
1508 3259 1557 3299 et
1598 3251 1691 3299 IX.
1726 3267 1778 3313 p.
1814 3253 1929 3300 303.
1998 3251 2247 3300 Eratosth.
2290 3252 2471 3299 Catast.
2494 3254 2555 3299 41

571 3326 762 3366 enarrat
795 3334 1009 3376 causam,
1045 3333 1132 3365 cur
1164 3318 1214 3365 in
1248 3316 1372 3365 coelo
1407 3317 1647 3379 repositus
1671 3316 1759 3363 sit:
1796 3316 1927 3363 Item
1966 3316 2170 3363 Ovidius
2204 3316 2245 3363 F
2247 3322 2338 3365 ast.
2362 3315 2439 3363 ΙΙ.
2464 3318 2559 3363 243

569 3380 1240 3445 seqq.—SCH.-——Vocali]
1283 3381 1538 3443 AEGgsb.
1586 3381 1774 3429 Vocati-s
1819 3381 1916 3428 FP.
1964 3380 2131 3443 (Ibid.)
2186 3396 2355 3429 curvus
2383 3383 2528 3442 forat
2539 3398 2559 3439 ,-

571 3450 728 3495 omnia
762 3446 942 3509 lucent]
997 3447 1200 3509 EGgsb.
1236 3445 1354 3507 (nisi
1387 3445 1517 3510 quod
1553 3446 1603 3495 b.
1640 3445 1823 3505 foras.)
1872 3460 2038 3493 corvus
2070 3447 2207 3506 foret
2244 3447 2405 3493 omnia
2446 3447 2559 3504 luet,

568 3527 807 3575 superscr.
828 3527 870 3570 c,
892 3518 948 3560 ut
968 3512 1058 3560 sit:
1095 3514 1217 3560 lucet
1237 3514 1293 3558 A.
1329 3515 1458 3560 corvi
1481 3525 1619 3573 super
1638 3510 1885 3573 hydraque
1904 3512 2028 3558 lucet
2052 3510 2330 3559 FP.--0R„

631 3579 744 3625 431.
779 3579 898 3624 Haec
933 3576 1097 3623 omnia
1133 3591 1162 3622 a
1195 3592 1240 3623 v.
1261 3576 1354 3623 431
1390 3590 1547 3639 usque
1580 3576 1641 3623 ad
1674 3575 1867 3637 Fragm.
1889 3575 2145 3637 Prognost.
2169 3574 2242 3623 ΙΙ.
2277 3574 2557 3624 AEth‘m‘um

565 3644 694 3690 venit
709 3642 884 3689 absunt
907 3656 936 3688 a
958 3641 1048 3689 Cd.
1075 3642 1129 3689 F.
1155 3647 1204 3688 et
1225 3640 1319 3687 Ed.
1347 3640 1587 3703 Principe.
1653 3640 1849 3687 Primus
1868 3640 2022 3689 edidit
2056 3640 2288 3688 Grotius:
2326 3656 2356 3687 a
2378 3640 2470 3687 Cd.
2494 3643 2555 3689 A.

569 3708 748 3755 absunt
767 3708 816 3755 h.
843 3706 876 3754 1.
903 3720 975 3754 vv.
1001 3721 1087 3753 sex
1104 3706 1218 3763 431,
1241 3706 1352 3759 432,
1377 3712 1426 3753 et
1446 3704 1865 3754 434-436.—0R.

629 3774 744 3821 432.
779 3769 1000 3833 Hydros]
1039 3770 1234 3817 Servius
1267 3769 1328 3816 ad
1366 3770 1448 3818 lib.
1490 3769 1535 3816 Ι.
1582 3770 1759 3831 Georg.
1796 3784 1844 3817 ν.
1868 3771 1981 3817 210.
2036 3768 2157 3818 Tres
2176 3773 2292 3816 sunt
2308 3784 2482 3832 anques
2502 3770 2558 3817 in

563 3838 675 3885 coelo
689 3853 705 3884 .·
735 3852 858 3885 unus
878 3838 964 3899 qui
982 3837 1035 3883 in
1053 3838 1364 3898 septentrione
1385 3840 1468 3892 est,
1502 3835 1627 3882 alter
1650 3834 1901 3896 Ophiuchi,
1934 3836 2103 3883 tertius
2120 3835 2363 3893 australis,
2388 3836 2443 3881 in
2464 3848 2557 3894 quo

561 3908 672 3949 sunt
695 3909 848 3950 crater
881 3907 927 3948 et
959 3898 1138 3960 corvus,
1171 3900 1228 3947 de
1251 3915 1342 3962 quo
1361 3915 1486 3947 nunc
1500 3903 1697 3962 proprie
1718 3902 1789 3947 ait
1808 3900 2003 3961 Anguis
2023 3917 2035 3947 ε
2070 3915 2181 3947 nam
2205 3898 2358 3962 hydra
2381 3899 2557 3946 dicitur

558 3982 720 4027 qraece.
771 3972 818 4013 et
851 3969 1020 4014 scimus
1055 3980 1228 4027 unques
1270 3979 1503 4027 aquarum
1526 3980 1635 4024 esse,
1676 3969 1906 4027 serpentes
1948 3964 2554 4014 terrarum—SCE—

568 4030 820 4093 Triplict's]
847 4032 904 4079 de
927 4046 975 4093 g.
999 4030 1126 4092 conj.
1153 4030 1224 4079 sb.
1259 4030 1440 4091 triplici
1462 4028 1793 4092 EGg.—0R.
