2992 4842
1274 607 1583 652 scnomA.
2342 587 2427 650 59

428 767 539 808 sus
568 744 770 809 altero
798 745 1021 822 latere,
1048 767 1087 809 a
1114 733 1341 830 quinto
1364 746 1547 830 signo
1571 743 1966 830 deprehensa
1989 744 2424 828 postmeridia-

432 853 538 908 na,
588 831 929 895 stationem
960 831 1132 908 facit,
1184 832 1383 896 donec
1429 833 1715 916 ingresso
1759 830 1906 896 Sole
1951 831 2121 894 idem
2169 831 2424 914 signum

428 917 549 979 sub
578 917 769 982 radiis
794 919 934 1002 ejus
964 916 1340 981 delitescens
1369 918 1438 980 in
1466 929 1680 981 totum
1719 917 1982 981 occidat.
2075 917 2423 1001 Aspiciunt

429 1002 602 1066 inter
630 1026 697 1066 se
726 1003 931 1066 stellae
961 1025 1049 1066 ex
1083 1003 1273 1066 tertio
1312 1004 1516 1086 signo,
1558 1003 1731 1088 quod
1777 1003 2010 1066 dicitur
2047 1001 2418 1086 Trigonum,

431 1098 497 1151 et
526 1088 767 1152 habent
795 1089 1077 1152 maxime
1122 1089 1600 1167 confusionem3
1646 1089 1804 1152 item
1853 1112 1892 1152 a
1938 1099 2168 1173 quarto
2215 1089 2418 1172 signo,

430 1174 603 1258 quod
632 1171 1036 1258 Tetragonon
1068 1185 1135 1238 et
1177 1174 1489 1240 Centrum
1528 1185 1810 1251 vocatur,
1843 1187 1912 1237 et
1939 1175 2008 1237 in
2037 1175 2422 1239 alterutrum

426 1260 708 1324 maxime
737 1271 1049 1344 praestant
1095 1260 1414 1324 effectum.
1509 1260 1680 1324 Item
1727 1283 1815 1323 ex
1861 1260 2196 1337 contrario,
2247 1261 2422 1345 quod

426 1357 526 1408 est
556 1347 901 1430 septimum
929 1347 1183 1430 signum
1207 1357 1274 1409 et
1305 1346 1688 1409 Diametron
1717 1357 2000 1426 vocatur,
2029 1367 2178 1430 quae
2208 1345 2416 1408 maxi-

424 1453 529 1494 me
559 1431 891 1495 adversum
922 1443 1155 1496 caetera
1184 1432 1512 1496 dissident.
1601 1430 1732 1497 Vel
1747 1431 1970 1495 leviter
1987 1431 2324 1515 aspiciunt,
2345 1441 2422 1494 ut

423 1528 706 1594 sextum,
739 1517 913 1603 quod
942 1517 1174 1581 dicitur
1206 1517 1640 1600 Hexagonon.
1735 1517 1932 1601 Signa
1964 1516 2207 1600 tropica
2234 1539 2419 1601 pere-

424 1603 627 1684 grinis
673 1603 1043 1666 nationibus
1090 1614 1401 1686 praesunt,
1444 1614 1512 1667 et
1553 1603 1812 1666 omnino
1859 1603 2144 1666 motibus
2174 1614 2240 1665 et
2272 1625 2420 1666 con-

425 1687 580 1752 siliis
610 1689 881 1752 subinde
919 1689 1270 1766 variantur,
1316 1701 1512 1774 atque
1552 1699 2018 1773 permutantur.
2108 1687 2418 1752 Biformia

421 1774 837 1856 generatione
866 1797 1083 1838 rerum
1112 1775 1400 1838 omnium
1430 1775 1882 1858 repetitionem
1924 1774 2306 1857 significant,
2350 1785 2418 1838 et

418 1859 679 1936 interim
705 1860 1099 1924 dilationem.
1191 1859 1409 1925 Solida
1434 1861 1842 1923 vehementer
1860 1871 1925 1923 et
1949 1861 2264 1923 instanter
2283 1859 2418 1924 effi-

422 1943 626 2022 ciunt,
660 1956 727 2010 et
756 1945 835 2010 ad
864 1946 1115 2009 exitum
1144 1947 1245 2010 vel
1273 1968 1578 2030 prospera
1606 1947 1706 2009 vel
1736 1945 1994 2009 adversa
2031 1945 2416 2029 perducunt,

420 2030 589 2094 sicut
618 2030 1015 2115 aspiciuntur
1046 2055 1084 2094 a
1112 2032 1333 2108 stellis,
1364 2031 1465 2094 vel
1495 2031 1879 2112 faventibUS,
1923 2032 2023 2094 vel
2053 2053 2417 2114 repugnan-
2453 2104 2458 2112 ¹

421 2116 616 2182 tibus.
706 2117 747 2180 J
749 2139 851 2180 am
880 2140 1028 2182 vero
1056 2117 1208 2202 quia
1226 2117 1304 2181 de
1324 2118 1461 2201 ejus
1484 2140 1677 2181 cursu
1699 2116 1799 2180 vel
1821 2117 2041 2180 ordine
2065 2117 2184 2180 sub
2211 2117 2419 2182 brevi-

424 2212 558 2266 tate
598 2202 905 2279 diximus,
950 2211 1172 2280 restat,
1223 2213 1298 2267 ut
1328 2203 1487 2286 quid
1517 2203 1595 2266 de
1627 2226 1704 2266 ea
1737 2203 2031 2282 Gentiles
2079 2203 2415 2280 senserint,

424 2287 769 2352 edicamus.
861 2287 1117 2368 Lunam
1157 2289 1431 2372 gentiles
1463 2288 1764 2366 Dianam,
1807 2311 2176 2371 germanam
2225 2288 2414 2366 Solis,

423 2395 616 2459 quem
646 2373 1013 2458 Apollinem
1042 2375 1525 2458 nuncupabant,
1566 2373 1760 2438 fuisse
1791 2374 2116 2451 dixerunt,
2154 2384 2218 2437 et
2251 2373 2415 2438 sicut

422 2483 463 2523 a
494 2459 642 2523 Sole
672 2460 993 2544 spiritum,
1036 2459 1129 2523 ita
1158 2484 1223 2524 se
1254 2483 1292 2524 a
1322 2459 1516 2523 Luna
1553 2482 1781 2545 corpus
1821 2460 2105 2544 accipere
2145 2460 2415 2523 arbitra-

420 2545 681 2611 bantur.
770 2545 1090 2608 Dicebant
1138 2547 1311 2609 enim
1359 2568 1500 2609 eam
1527 2545 1771 2609 viarum
1805 2546 2163 2629 praesidem,
2197 2556 2264 2608 et
2291 2545 2415 2608 vir-

421 2631 660 2714 ginem,
694 2654 770 2694 eo
801 2631 973 2717 quod
1002 2631 1071 2693 in
1100 2633 1199 2695 via
1229 2631 1388 2694 nihil
1418 2631 1645 2715 pariat.
1739 2630 1984 2695 Idcirco
2007 2632 2205 2715 igitur
2227 2631 2414 2694 ambo

422 2717 689 2799 sagittas
719 2717 956 2780 habere
988 2716 1312 2793 dicuntur,
1341 2718 1514 2802 quod
1543 2717 1682 2801 ipsa
1723 2717 1851 2781 duo
1889 2717 2096 2780 sidera
2136 2716 2215 2780 de
2255 2717 2412 2780 caelo

419 2802 629 2866 radios
660 2824 865 2887 usque
896 2803 977 2866 ad
1006 2814 1241 2866 terram
1266 2805 1593 2880 emittant3
1641 2802 1785 2866 ideo
1813 2802 2005 2879 faceS,
2037 2802 2189 2887 quia
2219 2798 2415 2866 Luna

418 2887 760 2964 illuminat,
797 2888 908 2951 Sol
938 2901 1004 2952 et
1031 2888 1353 2952 illuminat
1383 2898 1447 2952 et
1478 2888 1736 2965 exurit3
1783 2888 1927 2951 ideo
1966 2889 2182 2971 bigam
2223 2886 2414 2951 Luna

420 2973 653 3037 dicitur
711 2973 970 3051 habere,
1027 2974 1155 3037 sive
1202 2985 1466 3058 propter
1525 2973 1946 3050 velocitatem,
2005 2975 2133 3037 sive
2176 2995 2292 3056 pro
2335 2996 2410 3037 eo

420 3060 593 3144 quod
622 3069 809 3122 nocte
842 3071 907 3122 et
938 3059 1039 3122 die
1069 3071 1375 3144 apparet3
1421 3060 1568 3123 ideo
1591 3081 1792 3123 unum
1817 3059 2081 3144 Equum
2105 3060 2323 3123 album
2345 3069 2413 3122 et

420 3147 619 3208 alium
660 3145 914 3228 nigrum
950 3145 1183 3209 dicitur
1213 3145 1472 3222 habere,
1517 3168 1594 3208 eo
1628 3146 1803 3230 quod
1838 3146 2048 3209 hieme
2091 3155 2156 3208 et
2187 3155 2412 3208 aestate

417 3231 564 3313 plus
592 3232 826 3308 luceat,
860 3253 1051 3317 quam
1069 3253 1214 3315 vere
1240 3243 1306 3294 et
1325 3244 1655 3314 autumno,
1750 3231 1961 3294 Diana
1979 3242 2194 3294 autem
2217 3229 2412 3295 Luna

422 3316 592 3380 dicta
622 3326 739 3394 est,
771 3317 955 3401 quasi
987 3316 1193 3396 diana,
1216 3329 1295 3380 eo
1321 3317 1495 3402 quod
1527 3317 1628 3380 die
1659 3339 1730 3380 ac
1760 3329 1946 3380 nocte
1971 3327 2235 3400 apparet
2252 3317 2412 3400 ipsa,

422 3412 488 3465 et
517 3401 707 3466 Luna
740 3425 815 3465 eo
841 3402 1015 3487 quod
1043 3401 1277 3478 luceat,
1311 3417 1377 3466 et
1408 3402 1623 3465 Trivia
1653 3425 1728 3465 eo
1760 3402 1933 3487 quod
1964 3403 2166 3466 tribus
2184 3403 2411 3485 sunga-

419 3497 526 3550 tur
558 3487 803 3571 figuriS,
836 3489 915 3551 de
947 3509 1075 3573 qua
1105 3487 1433 3571 Vergilius
1462 3489 1573 3564 ait,
1613 3489 1769 3552 Tria
1793 3491 2070 3572 viminis
2097 3512 2215 3554 ora
2244 3492 2416 3553 Dia-

415 3596 516 3638 nae
532 3602 557 3647 ;
608 3595 757 3637 nam
808 3574 1030 3637 eadem
1082 3572 1291 3650 Luna,
1348 3573 1570 3637 eadem
1612 3573 1846 3650 Diana,
1893 3575 2112 3638 eadem
2158 3573 2412 3638 Proser·

415 3659 570 3742 pina
622 3670 904 3736 vocatur,
954 3659 1020 3722 id
1069 3671 1165 3723 est
1213 3658 1510 3737 caelestis,
1562 3660 1901 3736 terrestris,
1953 3672 2019 3723 et
2060 3659 2409 3727 infernalis,

418 3743 521 3807 De
548 3766 677 3829 qua
699 3744 981 3829 quidam,
1005 3748 1311 3830 Denique
1339 3768 1488 3809 cum
1508 3748 1708 3809 Luna
1726 3755 1843 3825 est,
1860 3746 2176 3810 sublustri
2196 3749 2410 3828 splen-

416 3831 528 3894 det
548 3834 800 3895 amictu
812 3860 836 3904 ;
878 3833 1045 3894 Cum
1070 3835 1372 3896 succinta
1379 3832 1570 3916 jacet
1591 3835 1906 3914 calamiS,j
1918 3834 2209 3896 Latonia
2231 3833 2409 3913 virqo

414 3925 529 3980 est.
620 3915 874 3979 Lunam
898 3917 1240 3980 voluerunt
1269 3917 1462 3980 etiam
1488 3917 1660 4001 apud
1681 3916 1916 3980 inferos
1940 3915 2407 4000 Proserpinam,

414 4023 528 4065 seu
559 4003 734 4086 quod
762 4013 949 4065 nocte
977 4002 1211 4080 luceat,
1255 4002 1383 4066 sive
1415 4003 1588 4089 quod
1615 4002 1916 4066 humilior
1947 4011 2158 4065 currat
2186 4011 2252 4064 et
2283 4012 2409 4064 ter-

413 4086 500 4151 ris
528 4088 788 4174 praesit3
834 4088 1006 4152 unde
1035 4087 1253 4174 bigam
1281 4089 1479 4154 boum
1507 4088 1742 4154 habere
1788 4087 2044 4165 dicitur,
2082 4087 2194 4152 illo
2236 4087 2407 4153 vide-
