2992 4842
1275 589 1568 624 Arrsnmx.
2327 575 2421 623 evii

431 711 614 762 oeetdta
633 720 718 775 est,
746 717 899 763 Greci
920 711 1158 780 ὁρίζοντα
1179 719 1363 772 vocant,
1395 717 1545 762 nostri
1567 715 1816 776 finitorem
1836 714 2013 772 dixere,
2046 715 2135 761 alii
2152 714 2425 774 finientem.

432 777 738 841 Adjieiendus
773 786 843 828 est
871 782 938 828 ad
974 780 1098 828 hunc
1133 780 1422 827 numatianus
1459 780 1678 838 circulus,
1715 782 1797 842 qui
1817 778 2067 827 horizonta
2084 781 2224 826 rectis
2241 781 2429 841 anyulis

429 848 832 960 seegghscbamo
867 912 948 972 qui
975 911 1168 973 sulqent
1202 911 1340 968 oculi,
1377 913 1455 957 cui
1492 909 1657 971 requla
1694 907 1869 970 cum-ic]
1906 908 2056 956 Haud
2089 907 2233 956 dubie
2256 923 2425 956 versus

432 972 668 1037 legendus
691 975 775 1032 ita,
801 982 856 1022 ut
879 990 1132 1037 expressus
1157 980 1245 1022 est.

498 1042 611 1087 544.
650 1042 826 1087 Nautis
859 1038 1122 1101 letissima]
1177 1039 1353 1086 Sextus
1397 1039 1679 1101 Empiricos
1714 1038 1902 1086 advers.
1941 1037 2099 1086 Math.
2143 1036 2228 1085 lib.
2267 1036 2423 1085 VIII.

433 1119 480 1166 p.
501 1106 630 1151 324:
666 1101 842 1168 Τούτῳ
877 1105 1136 1168 συμφωνεῖ
1159 1103 1219 1151 τὸ
1242 1104 1363 1160 τοὺς
1384 1101 1697 1167 Διοσκόυρες
1732 1100 1969 1167 ἀγαθούς
1990 1119 2138 1158 τινας
2160 1103 2292 1150 εἶναι
2314 1099 2422 1149 δαί-

433 1184 615 1232 μονας,
652 1170 885 1234 σωτῆρας
922 1167 1180 1233 ἐυσέλμων
1215 1171 1362 1228 νεῶν,
1406 1169 1499 1217 Cui
1532 1171 1605 1218 rei
1638 1171 1870 1230 commit,
1913 1169 2038 1231 quod
2070 1168 2297 1216 ,Dioscuri
2315 1174 2428 1216 sunt

435 1233 544 1281 bom'
563 1235 756 1296 quidam
777 1236 1019 1294 demones,
1042 1241 1300 1282 servatores
1320 1236 1533 1282 navium.
1596 1233 1736 1280 Adde
1760 1233 2045 1281 Strabonem
2069 1233 2111 1282 I.
2136 1247 2245 1295 pag.
2271 1235 2351 1290 83,
2377 1242 2427 1281 et

434 1298 496 1345 V.
518 1313 569 1361 p.
586 1300 696 1346 354.
763 1299 1040 1348 Lucianum
1063 1299 1256 1360 Dialog.
1281 1299 1446 1362 Apoll.
1471 1306 1522 1346 et
1544 1298 1759 1346 Mercur.
1780 1303 1900 1346 tom.
1924 1297 1968 1346 Ι.
1990 1313 2099 1360 pag.
2126 1299 2249 1352 2373
2282 1299 2425 1346 Arte-

433 1363 676 1417 midorum
698 1363 960 1413 onirocrit.
995 1365 1078 1412 lib.
1103 1364 1180 1412 II.
1217 1379 1262 1410 c.
1284 1366 1364 1421 42,
1399 1379 1445 1426 p.
1473 1365 1582 1412 133.
1648 1362 1924 1409 Videndum
1946 1370 2111 1410 autem
2134 1378 2194 1409 ne
2216 1363 2421 1410 consun-

434 1428 576 1475 datur
608 1429 851 1477 interdum
877 1445 906 1476 a
932 1429 1174 1477 veteribus
1205 1436 1475 1476 meteorum
1514 1427 1671 1476 stellae
1713 1426 1937 1475 Castores
1973 1426 2270 1490 appellatum
2308 1443 2423 1476 cum

435 1492 588 1540 stellis
607 1493 742 1556 ipsis.
805 1495 1039 1542 Videatur
1061 1493 1252 1542 Plinius
1275 1492 1349 1542 11.
1379 1509 1420 1541 c.
1437 1494 1514 1542 37.

499 1558 612 1605 549.
635 1561 820 1605 -Secura
840 1558 1070 1621 novercae]
1110 1558 1294 1606 Ulitius
1314 1559 1375 1606 ad
1401 1556 1559 1606 Gratii
1590 1572 1637 1604 v.
1655 1557 1764 1612 305,
1790 1571 1889 1618 seq.
1935 1554 2061 1604 Tum
2083 1556 2424 1618 deniquesoetoe

439 1621 559 1670 Cum
601 1623 768 1670 desunt
808 1628 938 1686 operi
963 1627 1209 1686 freqitque
1251 1625 1488 1671 indu-stria
1528 1622 1633 1670 MA
1645 1620 1841 1679 TRES,
1886 1621 2125 1668 Transeat
2157 1625 2211 1668 in
2244 1624 2424 1670 catulos

435 1691 581 1734 omnis
623 1689 768 1734 tutela
803 1690 1004 1746 relictos,
1043 1689 1298 1736 adscribit:
1336 1687 1437 1746 τὴν
1459 1684 1804 1750 φιλοτεκνίαν.
1872 1686 2075 1734 Ovidius
2098 1686 2422 1748 Metamorph.

433 1752 586 1802 VIII.
617 1767 660 1800 ν.
683 1753 808 1800 463:
845 1756 1071 1814 Puqnant
1106 1758 1344 1815 materque
1377 1769 1511 1800 soror
1603 1785 1618 1810 ,
1654 1749 1725 1798 Et
1744 1751 1927 1798 diversa
1947 1751 2143 1798 trahunt
2160 1767 2309 1798 unum
2330 1753 2423 1800 duo

432 1819 628 1864 nomina
649 1833 830 1880 carptas.
877 1815 938 1864 ‘H
961 1818 1251 1881 φιλοτεκνία
1275 1818 1360 1866 καὶ
1383 1817 1504 1880 φιλα
1538 1815 1681 1879 ελφία
1708 1815 1918 1864 Althaeae
1930 1816 2073 1864 modo
2087 1816 2244 1863 filium
2258 1831 2420 1874 suum,

435 1882 579 1929 modo
613 1882 815 1930 fratrum
853 1882 1002 1931 funus
1037 1883 1258 1945 objectat.
1325 1883 1458 1930 Hinc
1479 1881 1640 1929 lucem
1672 1881 1801 1942 capit
1836 1881 2157 1929 Germanicus
2181 1881 2347 1928 Caesar
2368 1882 2420 1929 in

434 1947 669 1995 Phaenon.
689 1948 950 2009 Nunquam
973 1963 1133 1995 secura
1148 1962 1368 1995 novercae.
1437 1947 1584 1996 Quod
1606 1947 1674 1993 ita
1697 1943 2016 2009 παραφράζει
2036 1946 2255 1994 Avienus
2277 1946 2419 1994 alibi:

433 2013 700 2059 novercales
731 2017 784 2060 ut
823 2027 1000 2073 semper
1028 2013 1250 2074 proderet
1268 2015 1384 2060 iras.
1453 2011 1704 2059 Hactenus
1728 2011 1928 2069 Ulitius,
1953 2011 2037 2074 qui
2057 2011 2188 2059 idem
2210 2012 2271 2059 ad
2292 2025 2335 2060 v.
2360 2012 2417 2062 17

435 2075 486 2123 N
489 2075 737 2134 emesiani,
765 2092 874 2138 pag.
897 2079 1008 2134 320,
1029 2077 1100 2125 ita
1121 2078 1312 2125 scribit:
1348 2080 1378 2103 ‘⁴
1398 2076 1447 2124 N
1451 2091 1670 2124 overcam
1694 2091 1780 2140 pro
1800 2076 1971 2138 pellice
1993 2075 2211 2138 posuisse
2234 2075 2423 2124 videtur

437 2140 758 2188 Germanicus
776 2142 830 2188 in
866 2142 1120 2190 Phaenom.
1155 2143 1290 2190 Atat.
1327 2157 1370 2190 v.
1398 2143 1506 2200 143,
1540 2157 1703 2190 secura
1735 2157 1937 2189 noverca
1976 2141 2186 2189 Alcmen
2220 2141 2422 2190 scilicet.

436 2205 584 2255 Quod
603 2213 766 2254 tamen
787 2212 837 2254 et
855 2206 994 2254 aliter
1015 2206 1299 2268 explicavi.’'

499 2271 613 2319 566.
645 2272 798 2334 Syriae
835 2271 926 2319 dno
965 2275 1162 2318 numina
1197 2269 1384 2332 Pisces]
1419 2271 1661 2319 Venerem
1682 2280 1732 2320 et
1765 2271 2057 2334 Cupidinem
2094 2271 2417 2333 designantes.

357 2374 361 2379 .
434 2335 558 2382 Vide
580 2336 683 2383 Jac.
708 2335 900 2384 Ouzelii
921 2336 1161 2385 animadv.
1181 2337 1241 2384 ad
1266 2337 1474 2384 Minucii
1496 2336 1769 2395 Octavium,
1794 2352 1902 2399 pag.
1932 2338 2039 2384 180.

501 2401 612 2448 655.
651 2401 965 2464 Nudabatque
987 2400 1140 2463 seris]
1179 2402 1293 2449 Fuit
1316 2401 1448 2449 enim
1482 2400 1710 2451 Venator.
1780 2403 1914 2450 Hinc
1938 2401 2183 2450 Homerus
2207 2400 2348 2448 Iliad.
2378 2404 2417 2449 Σ

432 2465 590 2527 fingit,
613 2465 821 2513 Arctum
839 2467 1008 2513 timere
1029 2465 1276 2525 Orionem,
1299 2467 1477 2529 quippe
1501 2475 1792 2515 venatorem.
1860 2467 1938 2514 Sic
1956 2468 2088 2515 enim
2112 2467 2271 2514 canit:
2309 2463 2423 2513 “Hr'

434 2527 595 2578 αὐτοῦ
619 2547 656 2578 τ
685 2527 855 2592 ἕψεται
878 2530 962 2577 καὶ
984 2528 1028 2578 r’
1051 2529 1274 2594 Ὠρίωνα
1297 2527 1503 2579 domina.

501 2595 614 2646 702.
651 2545 769 2642 glus
803 2594 1030 2657 mediam]
1070 2596 1228 2643 Grotii
1266 2596 1648 2644 observationem
1668 2596 1880 2644 stabiliet
1900 2595 2179 2658 exemplum
2204 2611 2264 2643 ex
2287 2595 2416 2644 Livii

433 2660 607 2708 XLII.
624 2675 727 2722 cap.
744 2664 771 2709 8
794 2679 805 2707 ε
839 2659 1037 2720 Liqures
1055 2677 1197 2723 quum
1218 2661 1442 2724 majorem
1455 2661 1603 2708 multo
1618 2668 1805 2722 partem
1824 2663 1999 2708 civium
2016 2663 2253 2718 amissam,
2276 2675 2420 2723 quam

432 2740 666 2787 superesse
685 2731 921 2772 cernerent
943 2723 1056 2783 (nec
1075 2728 1200 2773 enim
1215 2727 1325 2788 phas
1347 2726 1503 2773 decem
1523 2725 1680 2773 millia
1698 2727 1938 2774 hominum
1954 2725 2118 2788 erant)
2143 2726 2421 2774 dediderunt

433 2805 495 2837 se.
565 2790 658 2836 Sed
678 2789 819 2851 plura
839 2790 1163 2852 suppeditabit
1185 2799 1292 2838 turn
1325 2789 1631 2839 Tursellinus
1650 2797 1828 2850 noster,
1868 2805 1974 2852 cap.
2004 2791 2112 2847 155,
2148 2805 2195 2852 p.
2222 2792 2333 2847 882,
2368 2798 2419 2838 et

391 2866 402 2873 ·
433 2869 536 2916 cap.
559 2856 639 2913 21,
679 2870 728 2917 p.
753 2857 862 2911 141,
900 2864 1006 2901 tum
1046 2855 1390 2903 Grammatica.
1458 2855 1689 2902 Nostram
1723 2862 1889 2902 autem
1926 2855 2311 2903 observationem
2332 2855 2418 2917 qui

432 2919 635 2966 mediam
671 2935 775 2967 esse
814 2919 1060 2968 dimidiam
1097 2920 1325 2976 diximus,
1364 2935 1426 2967 ex
1443 2918 1725 2967 melioribus
1758 2919 2069 2980 scriptoribus
2089 2920 2416 2982 probabimus,

432 2999 495 3031 ne
518 2984 625 3045 quis
647 2999 762 3032 cum
786 2984 1070 3032 casaubono
1103 2985 1165 3032 ad
1202 2984 1464 3048 Capitolini
1500 2984 1661 3040 Pium,
1696 3000 1736 3032 c.
1759 2987 1808 3044 4,
1839 2985 1889 3032 id
1910 3000 2032 3032 nove
2054 2985 2239 3032 dictum
2261 2991 2417 3047 putet,

434 3057 483 3096 et
505 3065 566 3096 ex
591 3063 647 3096 eo
669 3049 1006 3111 antiquitatem
1031 3049 1257 3097 Auctoris
1296 3049 1448 3096 nostri
1483 3049 1751 3097 convellere
1774 3050 1963 3098 audeat.
2032 3049 2292 3098 Columell.
2315 3049 2415 3097 XI.

432 3129 476 3162 c.
497 3115 543 3170 2,
577 3128 626 3176 p.
641 3113 764 3161 426:
799 3113 966 3161 Pridie
989 3130 1138 3161 nonas
1161 3115 1330 3162 Maias
1351 3114 1491 3176 Nepa
1512 3115 1688 3161 medius
1710 3114 1893 3161 occidit.
1959 3114 2029 3161 Et
2050 3129 2159 3177 pag.
2184 3116 2279 3162 428
2302 3115 2415 3163 edit.

433 3178 673 3226 Comelin.
717 3180 883 3227 Pridie
921 3179 1090 3226 Nonas
1121 3179 1288 3226 Julius
1328 3179 1509 3226 Cancer
1544 3179 1721 3226 medius
1758 3180 1939 3226 occidit.
2010 3179 2166 3228 Calor.
2237 3179 2418 3227 Octavo

430 3244 546 3291 Idus
565 3242 732 3291 Julius
756 3246 1066 3305 Capricornus
1084 3243 1267 3292 medius
1279 3245 1458 3292 occidit.
1527 3243 1773 3291 Palladius
1794 3244 1824 3289 J
1827 3258 2001 3291 anuan.
2024 3244 2096 3292 tit.
2118 3247 2176 3293 18
2198 3262 2209 3291 ε
2240 3243 2417 3292 Postea
2476 3293 2481 3296 .

430 3309 656 3371 expressis
677 3312 823 3369 myrti
840 3311 1004 3371 yram’s
1025 3307 1212 3366 colabis,
1249 3311 1362 3356 etin
1382 3323 1437 3355 eo
1458 3310 1567 3354 vino
1590 3309 1791 3355 medin-m
1814 3311 1937 3356 croci
1954 3310 2223 3371 scrupulum
2244 3315 2289 3356 et
2296 3309 2418 3369 solii

431 3388 578 3421 unum
598 3374 868 3434 scrupulum
887 3375 1051 3422 mittis.
1120 3374 1215 3420 Sed
1236 3374 1364 3435 apud
1383 3372 1670 3430 Varronem,
1693 3373 1775 3420 lib.
1801 3373 1905 3420 III.
1928 3373 1986 3420 de
2008 3389 2059 3421 re
2081 3381 2199 3422 rust.
2227 3390 2329 3438 cap.
2354 3374 2381 3425 '7
2400 3392 2412 3423 ε

431 3437 602 3485 Hieme
623 3437 812 3484 demunt
831 3437 985 3485 cibum
1005 3439 1225 3495 medium,
1253 3437 1380 3486 male
1399 3437 1574 3500 aliquis
1599 3437 1796 3500 exponit
1817 3438 2077 3486 dimidium.
2146 3440 2276 3487 Nam
2298 3455 2413 3487 con-

431 3509 504 3550 tra
527 3503 693 3550 dicunt
717 3503 858 3549 verba
879 3503 1100 3565 proxima
1119 3503 1391 3564 superiora:
1431 3502 1616 3550 Deinde
1652 3503 1937 3551 manducato
1972 3504 2172 3552 candido
2192 3506 2415 3564 farciunt

425 3583 551 3628 pane
569 3584 584 3614 .·
615 3565 766 3614 hieme
798 3567 885 3614 hoc
907 3567 991 3624 bis,
1031 3573 1187 3615 testate
1221 3574 1302 3625 ter,
1342 3583 1494 3624 mane,
1532 3569 1739 3624 meridie,
1776 3570 1967 3630 vesperi.
2036 3571 2203 3616 Hieme
2222 3571 2414 3617 demunt

430 3632 586 3680 eibum
607 3632 823 3679 medium.
891 3631 1002 3679 Hoc
1023 3640 1111 3691 est,
1133 3633 1295 3681 cibum
1318 3633 1519 3680 meridie
1540 3641 1734 3695 negant.

495 3761 661 3808 Pltoo.
685 3758 762 3806 11.
777 3760 910 3808 -69.
949 3763 1186 3809 Horridus
1205 3766 1257 3808 at
1275 3761 1477 3824 qelidos]
1515 3761 1616 3809 Alii
1636 3737 1824 3815 codices
1844 3760 1910 3808 ad
1925 3762 2334 3822 midos—Mon.

496 3827 576 3874 93.
615 3824 873 3886 Conspectu
893 3827 1028 3887 siqua
1049 3824 1219 3888 leonis]
1256 3827 1466 3874 Aldinus
1489 3827 1640 3874 codex
1660 3826 2129 3888 conspecta—Mon.

495 3891 572 3938 94.
613 3887 840 3966 Plenique
859 3893 912 3938 in
931 3890 1053 3938 nube
1071 3890 1320 3954 ftayores]
1356 3889 1535 3939 Plenus
1552 3892 1740 3939 videtur
1761 3906 1848 3954 pro
1868 3892 2019 3952 gravi,
2054 3906 2247 3954 magno,
2270 3893 2409 3941 vehe-

430 3963 811 4081 mzrssf’cpglnulrn]
849 4019 1017 4068 Nolim
1040 4021 1132 4069 hoc
1153 4020 1442 4069 vocabulum
1462 4020 1657 4069 mutari.
1726 4020 1855 4068 Nam
1870 4035 2021 4083 quum
2038 4021 2219 4070 coelnm
2241 4022 2409 4085 repelli
