2992 4842
601 566 694 613 xcii
1512 580 1667 615 soi-az

601 702 766 765 potins
801 702 1067 753 tribuerim.
1151 703 1464 754 Pretereain
1485 704 1643 753 Anth.
1678 705 1965 765 Burmanni,
1996 704 2083 753 lib.
2107 706 2171 755 V.
2192 706 2271 764 51,
2304 703 2585 769 qunoai-

601 784 764 817 eom
801 769 1080 818 Germanici
1115 770 1442 833 fragmentum
1474 770 1670 832 legitur,
1712 772 1858 834 quod,
1898 787 2011 819 cum
2044 772 2105 818 ab
2145 771 2328 819 Orellio
2349 772 2409 819 V.
2432 772 2491 820 C.
2531 773 2587 819 in

601 834 811 883 editione
833 834 1026 883 Phaedri
1049 842 1100 883 et
1117 835 1410 884 Arateornm
1429 834 1565 883 illius
1600 844 1755 898 poetae
1790 851 1946 898 nuper
1984 851 2085 884 nna
2102 850 2216 883 cum
2247 836 2419 884 ceteris
2451 838 2581 899 frag-

601 899 782 947 mentis
817 899 1126 962 expoliretur,
1159 900 1334 948 lubens
1355 900 1525 949 omisi:
1562 903 1628 963 (et
1646 904 1699 948 in
1718 898 2031 962 Prqt'atione)
2064 901 2328 949 Dubitatur
2360 902 2419 949 de
2452 902 2583 949 anti-

601 964 786 1027 quitate
805 964 1390 1013 caminis.-MEYER.

669 1030 712 1077 1.
745 1028 940 1077 Mania
963 1026 1246 1093 Proyenies]
1273 1030 1330 1077 Id
1351 1038 1426 1079 est
1444 1030 1535 1077 Vir
1554 1030 1707 1087 sortis,
1730 1029 1973 1079 bellicosis
1994 1037 2096 1079 orte
2116 1030 2395 1092 majoribus.
2466 1030 2585 1078 Non

599 1094 732 1142 enim
755 1094 918 1157 stirpis
941 1094 1034 1143 fuit
1058 1095 1230 1143 Martis
1253 1095 1376 1143 Dei:
1411 1096 1499 1143 sed
1516 1094 1654 1142 Jovis
1674 1102 1724 1143 et
1746 1095 1973 1153 Electrae,
2010 1095 2086 1143 vel
2108 1102 2163 1143 ut
2181 1096 2327 1143 altius
2348 1096 2583 1143 ascenda-

599 1170 728 1215 mus,
763 1158 960 1207 Saturni
981 1168 1030 1207 et
1049 1158 1228 1223 Iapeti.
1291 1158 1406 1208 vid.
1429 1159 1660 1222 Apollod.
1693 1160 1801 1207 ΙΙΙ.
1825 1174 1868 1208 c.
1894 1162 1971 1217 11,
2008 1168 2056 1207 et
2080 1160 2264 1208 Conon.
2298 1169 2479 1209 narrat.
2502 1162 2583 1209 21.

597 1221 804 1285 Hector]
829 1223 1012 1271 Priami
1033 1224 1179 1281 filins,
1201 1224 1356 1287 Regis
1377 1224 1539 1273 ultimi
1558 1224 1897 1287 Trojanorum.
1959 1225 2083 1273 Vide
2104 1225 2394 1284 Homerum,
2416 1225 2582 1287 Virgi-

597 1285 738 1346 lium,
773 1288 870 1337 Dic
925 1304 975 1347 n,
1001 1289 1250 1349 Daretem,
1271 1289 1492 1337 Pentadii
1514 1290 1761 1338 tumulum
1785 1289 2013 1337 Hectoris
2031 1291 2084 1337 in
2107 1290 2335 1352 Scaligeri
2363 1290 2585 1339 Poemat.

597 1351 738 1401 Poet.
762 1353 870 1401 Lat.
940 1360 1003 1401 et.
1025 1370 1072 1417 p.
1100 1354 1426 1404 17s—scH.
1558 1354 1751 1403 Martia
1762 1354 2031 1417 progresses]
2055 1355 2136 1402 Ex
2155 1356 2327 1403 Graeco
2342 1354 2585 1403 Hadriani

600 1416 728 1480 Imp.
751 1418 884 1481 qnod
903 1425 1060 1467 exstat
1095 1419 1244 1467 Libro
1268 1420 1340 1467 ΙΙ.
1385 1420 1651 1481 Antholog.
1687 1434 1785 1467 uno
1823 1420 2029 1468 disticho
2064 1421 2241 1478 minus,
2282 1436 2369 1468 seu
2404 1421 2583 1468 veteris

597 1481 739 1541 illud,
761 1498 850 1532 seu
869 1484 1148 1532 recentioris
1171 1484 1235 1531 ait
1253 1486 1544 1548 interpretis.
1610 1484 1886 1542 Pirncsus,
1920 1486 2005 1547 qui
2023 1486 2171 1533 edidit
2192 1485 2304 1532 Lib.
2330 1484 2406 1532 II.
2427 1501 2474 1547 p.
2497 1488 2579 1544 49,

599 1562 628 1595 e
652 1548 826 1596 Graeco
849 1548 1086 1597 Hadriani
1107 1564 1213 1597 esse
1235 1548 1370 1597 libris
1385 1550 1532 1597 etiam
1556 1549 1657 1597 suis
1670 1550 1957 1597 adnotarant
1979 1550 2243 1599 Scriverius
2266 1556 2316 1597 et
2334 1550 2403 1597 N.
2419 1550 2580 1597 Hein-

597 1612 717 1661 sius.
785 1612 880 1660 Sed
903 1613 1084 1675 legitur
1109 1614 1162 1661 in
1184 1614 1292 1661 Lib.
1319 1614 1362 1661 1.
1387 1630 1496 1677 pag.
1522 1615 1602 1671 98,
1644 1614 1717 1661 ed.
1741 1614 1906 1676 Steph.
1930 1623 1979 1663 et
2010 1621 2223 1662 meretur
2242 1614 2323 1662 hic
2344 1615 2582 1664 adscribi:

598 1679 942 1728 ΔΔΡῙΑΝΟΥ
964 1680 1317 1737 ΚΑΙΣΑΡΟΣ,
1335 1676 1383 1725 οἱ
1397 1676 1446 1726 δὲ
1467 1681 1925 1738 ΓΒΡΜΑΝῙΚΟΥ,
1949 1678 2019 1737 kq,-
2042 1678 2248 1744 Τροίαν.
2262 1676 2465 1743 ‘'Eser-op,
2488 1682 2581 1728 διο.

597 1743 728 1805 quod
747 1744 956 1806 explicat
978 1752 1029 1791 et
1051 1744 1241 1791 Latinis
1263 1744 1479 1792 versibus
1498 1745 1841 1807 interpretatur
1853 1744 2076 1795 Vincent.
2095 1746 2379 1807 Obsopaeus,
2400 1760 2446 1807 p.
2469 1747 2579 1803 145,

597 1808 714 1856 edit.
749 1808 970 1856 Wechel.
1005 1808 1390 1871 pulcherrimum
1423 1810 1577 1871 igitur
1604 1810 1697 1857 hoc
1732 1810 1833 1857 sive
1874 1809 2169 1866 Germanici,
2206 1810 2306 1857 sive
2342 1809 2582 1857 Hadriani

599 1872 808 1921 Caesaris
827 1882 1202 1921 monumentum
1223 1881 1324 1921 est:
1351 1882 1553 1936 uterque
1576 1874 1707 1921 enim
1726 1881 1903 1936 praeter
1922 1872 2041 1921 alios
2062 1874 2209 1921 studii
2234 1874 2408 1938 poetici
2431 1874 2581 1922 foetus

598 1937 746 1985 etiam
778 1938 1147 2001 Epigrammata
1179 1938 1390 2001 plurima
1421 1940 1733 2001 scripserunt.
1800 1940 2092 1987 Germanico
2122 1947 2249 1987 certe
2284 1938 2375 1986 hoc
2410 1940 2582 1987 tribuit

595 2002 845 2062 Barthius,
880 2004 990 2052 Lib.
1015 2004 1208 2051 XLIX.
1240 2003 1366 2051 Adv.
1389 2018 1428 2051 c.
1457 2003 1537 2062 17,
1568 2004 1661 2051 sub
1690 2003 1825 2051 illius
1848 2004 2021 2052 saltem
2044 2005 2239 2051 nomine
2259 2004 2496 2051 nonnulla
2527 2006 2581 2052 in

595 2066 675 2117 his
709 2068 1068 2117 catalectorum
1089 2068 1456 2117 collectionibus
1479 2069 1739 2118 habentur.
1774 2076 1833 2116 ut
1849 2068 1990 2127 illud,
2014 2067 2167 2116 Parce
2188 2068 2351 2131 hospes
2372 2069 2573 2129 tumulo,

597 2132 689 2182 dte.
723 2133 834 2182 Lib.
857 2133 962 2183 111.
998 2149 1046 2196 p.
1073 2133 1153 2192 97,
1186 2135 1316 2197 apud
1339 2134 1609 2182 Pithoeum.
1648 2141 1755 2182 tum
1776 2133 1972 2197 elegans
2005 2134 2325 2197 Epigramma
2346 2133 2405 2180 de
2427 2149 2579 2196 puero

596 2196 801 2255 Thrace,
837 2198 955 2248 ibid.
977 2214 1087 2261 pag.
1113 2201 1221 2247 105.
1288 2198 1526 2247 Hadriani
1554 2213 1735 2254 versus,
1774 2200 1949 2261 quibus
1989 2198 2131 2247 Floro
2165 2197 2438 2260 respondet,
2471 2200 2579 2247 noti

595 2262 743 2309 etiam
767 2271 899 2322 sunt,
923 2270 978 2312 ut
1000 2272 1050 2312 et
1068 2264 1159 2323 illi,
1182 2264 1357 2326 quibus
1379 2264 1593 2311 animam
1616 2279 1758 2311 suam
1774 2264 1921 2311 morti
1943 2263 2127 2311 vicinus
2148 2262 2437 2325 adloquitur,
2454 2279 2578 2325 quos

597 2342 660 2374 ex
683 2327 935 2390 Spartiano
957 2328 1194 2387 Pithoeus,
1215 2329 1327 2377 Lib.
1349 2328 1438 2377 IV.
1473 2329 1644 2391 Epigr.
1668 2335 1763 2377 vet.
1785 2344 1893 2391 pag.
1915 2329 2023 2386 184,
2055 2328 2273 2376 inseruit.
2343 2328 2407 2375 Ei
2427 2329 2578 2377 etiam

596 2392 824 2439 tribuitur
845 2394 1236 2442 anacreonticum
1255 2392 1378 2441 inud
1399 2394 1452 2441 in
1469 2409 1651 2455 equum
1673 2393 2029 2451 Boristhenem,
2052 2393 2183 2456 quod
2196 2393 2286 2440 sub
2298 2392 2445 2440 finem
2465 2393 2579 2441 libri

595 2456 726 2505 tertii
743 2457 875 2505 idem
899 2458 1048 2505 edidit
1068 2458 1305 2516 Pithoeus,
1327 2458 1422 2507 nisi
1441 2458 1492 2505 id
1508 2459 1681 2505 Graece
1695 2459 1756 2506 ab
1774 2474 1830 2506 eo
1852 2458 2175 2521 compositum
2192 2466 2242 2505 et
2262 2473 2291 2505 a
2311 2458 2578 2505 recentiore

595 2536 790 2569 versum
819 2522 897 2580 sit,
921 2529 979 2570 ut
1000 2523 1203 2585 putabat
1219 2522 1439 2581 Vossius,
1461 2523 1703 2587 quomodo
1725 2530 1775 2571 et
1793 2524 1941 2585 hujus
1963 2523 2345 2585 Epigrammatis
2366 2522 2419 2569 in
2442 2522 2577 2571 Hec-

596 2592 750 2635 torem
775 2586 952 2635 Latins
972 2587 1134 2635 forsan
1172 2588 1422 2635 Hadriano
1457 2588 1697 2636 recentior
1734 2595 1810 2635 est
1842 2588 2169 2651 interpretatio
2194 2588 2252 2635 de
2278 2588 2450 2635 Graeco
2470 2588 2578 2649 ejus

596 2651 825 2712 carmine,
847 2658 904 2701 ut
926 2653 1151 2701 censebat
1177 2652 1414 2701 Pithoeus.
1483 2653 1562 2701 Ita
1584 2660 1633 2700 et
1656 2652 1891 2700 Hadriani
1914 2652 2231 2716 Epitaphium
2252 2652 2306 2700 in
2330 2652 2578 2700 tumulum

594 2716 800 2765 Voconii
843 2724 1084 2766 memorat
1115 2718 1354 2779 Apuleius
1388 2718 1440 2765 in
1483 2718 1694 2780 Apolog.
1725 2733 1771 2780 p.
1801 2716 1879 2777 13,
1918 2719 1990 2766 ed.
2025 2717 2154 2765 Prie.
2191 2732 2401 2779 eumque
2430 2718 2578 2765 etiam

594 2781 778 2829 multos
799 2782 1034 2831 liberioris
1056 2783 1329 2845 argumenti
1367 2797 1537 2831 versus
1573 2782 1748 2831 lusisse
1783 2782 1963 2831 ibidem
1997 2789 2215 2831 testatur.
2252 2782 2381 2843 quod
2418 2782 2581 2830 firmat

598 2846 881 2909 Spartianus
900 2847 953 2895 in
977 2847 1130 2895 Hadr.
1154 2862 1261 2908 cap.
1289 2849 1364 2895 14.
1434 2850 1550 2895 Fuit
1571 2850 1695 2894 enim
1721 2850 1994 2909 poematum
2025 2854 2071 2895 et
2102 2848 2349 2894 literarum
2369 2851 2579 2895 omnium

595 2912 974 2969 studiosissimus,
997 2913 1314 2969 arithmetica,
1335 2914 1614 2975 qeometriae,
1626 2915 1822 2973 picture
1838 2914 2165 2975 peritissimus.
2212 2912 2328 2959 Jam
2342 2913 2582 2972 psallendi

595 2981 643 3024 et
663 2976 886 3025 cantandi
908 2980 1155 3025 seientiam
1171 2992 1272 3039 proe
1293 2993 1339 3024 se
1362 2977 1556 3038 serebat
1573 2992 1589 3023 .·
1620 2979 1673 3023 in
1709 2977 2025 3039 voluptatibus
2044 2977 2234 3023 nimius.
2301 2976 2434 3023 Nam
2452 2982 2499 3022 et
2520 2976 2579 3023 de

594 3043 692 3089 suis
709 3042 892 3089 dilectis
905 3043 1055 3089 multa
1077 3042 1282 3090 versibus
1295 3044 1567 3105 composuit,
1586 3043 1825 3089 amatoria
1846 3044 2061 3090 earmina
2081 3040 2576 3103 scripsit.—BUR.M.

662 3108 710 3153 2.
745 3109 843 3153 Fas
864 3105 1056 3168 audire]
1083 3109 1212 3153 Nam
1232 3107 1444 3169 quietem
1469 3107 1661 3154 turbare
1683 3113 2004 3167 mortuorum,
2035 3106 2205 3168 religio
2227 3106 2431 3153 vetabat.
2464 3105 2579 3155 Vid.

597 3170 768 3233 Epigr.
793 3172 902 3218 Vet.
926 3172 1123 3229 Pithoei,
1151 3172 1258 3219 Lib.
1285 3171 1388 3220 ΙΙΙ.
1411 3187 1460 3234 p.
1485 3170 1780 3221 73.—scH.

663 3238 707 3283 3.
743 3235 974 3298 Respira]
1014 3236 1073 3283 Id
1099 3244 1186 3295 est,
1225 3237 1351 3284 bono
1368 3251 1426 3283 eo
1449 3236 1629 3284 animo.
1667 3233 1844 3297 Heres]
1882 3235 1942 3283 Id
1965 3241 2053 3292 est,
2090 3234 2360 3297 posteritas,
2399 3240 2457 3282 ut
2476 3250 2578 3283 cre-

597 3300 815 3358 debatur,
837 3299 1707 3363 Trojanorum.—SCH.—-—-Heres]
1732 3300 1950 3363 Populus
1974 3299 2580 3348 RomanuS.—MEYER..

661 3366 709 3411 4.
745 3363 1003 3427 Presserat]
1042 3366 1102 3413 Id
1123 3372 1210 3426 est,
1245 3365 1384 3412 malit
1417 3382 1447 3412 a
1481 3372 1528 3412 te
1556 3366 1717 3427 gentis
1742 3366 1951 3427 origines
1973 3366 2163 3423 ducere,
2197 3379 2344 3426 quam
2365 3364 2581 3411 aliunde.

598 3428 693 3475 Sed
714 3430 864 3475 satius
887 3437 962 3477 est
997 3430 1156 3491 legere
1188 3431 1419 3492 proferat,
1458 3430 1491 3478 i.
1514 3446 1557 3478 e.
1586 3430 1851 3486 continuet,
1884 3428 2347 3494 propaget—SCH.
2483 3429 2583 3486 Qut

589 3496 760 3557 petrice
786 3496 980 3554 famam
1011 3493 1260 3556 presserat]
1297 3495 1392 3556 leg.
1426 3497 1658 3557 proferat.
1694 3495 1970 3542 Prrnoeus.
2039 3493 2117 3541 Ita
2154 3494 2299 3541 etiam
2342 3494 2581 3542 Heinsius

597 3558 897 3615 emendabat,
917 3558 1155 3621 adscripto
1179 3559 1472 3606 Albinovani
1495 3575 1635 3607 versu
1658 3558 1798 3620 Eleg.
1839 3560 1900 3606 ad
1920 3560 2027 3607 Liv.
2048 3559 2111 3607 V.
2148 3559 2225 3605 20.
2250 3558 2332 3606 ubi
2354 3558 2581 3606 similiter

588 3624 806 3687 proferre
827 3626 1073 3685 imperium
1094 3639 1180 3686 pro
1215 3623 1470 3671 extendere
1505 3624 1725 3683 occurrit,
1758 3622 1972 3671 Protulit
2003 3628 2057 3671 in
2078 3631 2225 3671 terras
2242 3626 2584 3685 imperiumque

595 3704 755 3736 novas.
822 3689 1033 3744 Tacitus,
1056 3688 1164 3738 Lib.
1191 3688 1233 3736 I.
1256 3688 1436 3735 Annal.
1460 3704 1503 3736 c.
1526 3691 1574 3736 3.
1622 3689 1867 3736 Abolendae
1884 3692 2034 3751 mayis
2056 3690 2263 3751 infamiae
2282 3688 2338 3736 ob
2360 3690 2583 3735 amissum

596 3770 703 3803 cum
729 3754 962 3811 Quintilio
975 3753 1099 3801 Varo
1113 3757 1381 3809 exercitum,
1399 3769 1539 3816 quam
1554 3754 1775 3815 cupidine
1783 3754 2055 3815 proferendi
2066 3756 2133 3801 im.
2166 3756 2267 3800 e‘n‘i.
2296 3753 2476 3800 Seneca
2490 3753 2581 3800 VI.

600 3818 718 3868 Nat.
755 3820 945 3869 Quaest.
969 3821 1046 3876 23,
1087 3819 1145 3866 de
1169 3819 1472 3866 Alexandro:
1508 3818 1767 3881 Imperium
1800 3834 1859 3865 esc
1880 3820 2053 3881 anyulo
2143 3819 2315 3866 kracioe
2345 3833 2489 3881 usque
2521 3817 2585 3864 ad

607 3882 818 3931 Om'entis
843 3886 1060 3931 terminos
1081 3885 1293 3946 protulit.
1357 3884 1601 3941 Justinus,
1636 3883 1749 3930 Lib.
1775 3883 1817 3931 Ι.
1846 3899 1948 3945 cap.
1975 3885 2019 3931 l.
2084 3883 2229 3930 Fines
2252 3885 2440 3943 imperii
2462 3886 2583 3929 tueri

596 3947 2585 4076 3⁰32?²zzz”.²;12{32233255.25‘55.322⁶{zffszfsszzffetddss'ffiissssz§.xm

599 4078 836 4127 extendere
865 4079 1038 4139 sactis.
1071 4079 1324 4140 vulgatum
1347 4093 1537 4127 servare
1573 4078 1794 4140 placebat
1816 4078 1891 4125 Cl.
1920 4078 2201 4137 Schradero,
2238 4083 2290 4125 et
2310 4077 2582 4134 emendare,
