2992 4842
626 562 703 628 18
1412 585 1804 632 Genusum

620 720 1077 808 Declivemque
1108 721 1373 790 trahunt
1400 725 1630 790 aeterni
1657 725 1940 810 pondera
1969 725 2217 803 mundi,

620 807 1075 894 Col-ruptaque
1104 809 1275 876 cadit
1304 809 1526 888 forma,
1555 823 1908 876 certaverat
1937 811 2088 876 olim

622 893 775 961 Qua
806 895 975 958 senis
1004 895 1287 979 aequorei
1314 897 1504 974 natis,
1537 919 1738 981 quum
1767 898 1985 962 littore
2012 895 2283 962 Canchli

620 979 899 1046 Doridos
929 991 996 1046 et
1026 979 1323 1067 Panopes
1346 983 1696 1066 spectasset
1724 983 1926 1048 stulta
1953 983 2234 1048 choreas.
2520 987 2629 1038 ⁶⁷⁰

622 1065 747 1130 Illa
773 1067 910 1131 abit
941 1065 1241 1134 Oceano:
1288 1069 1487 1132 totius
1517 1081 1688 1132 serta
1721 1069 1994 1134 Coronoe

622 1151 703 1216 In
734 1151 961 1216 caelum
984 1153 1291 1232 redeunt;
1336 1165 1548 1218 totum
1575 1177 1644 1218 se
1674 1155 1904 1220 liberat
1935 1153 2233 1238 Hydros3

622 1237 935 1302 Cruribus
965 1251 1297 1323 exspectat
1328 1239 1592 1316 Chiron,
1623 1240 1948 1304 obscurior
1975 1263 2148 1318 arcu,

622 1323 905 1408 Corpore
924 1325 1061 1410 jam
1092 1336 1231 1390 toto
1252 1337 1431 1390 vasto
1458 1326 1583 1391 sub
1610 1326 1844 1390 vertice
1879 1325 2108 1392 clarus.

620 1409 793 1474 Tum
814 1409 970 1488 fera,
1048 1433 1196 1476 uam
1226 1411 1461 1479 dextra
1486 1421 1702 1495 portat
1735 1411 2118 1489 Centaurus,
2147 1414 2218 1478 in
2247 1436 2432 1478 auras
2517 1415 2622 1464 675

620 1495 865 1561 Exsilit
893 1507 961 1562 et
988 1433 1171 1562 claris
1198 1497 1485 1582 aperitur
1515 1497 1794 1562 flexibus
1825 1497 2112 1582 Anguis:

622 1579 1031 1667 Innixusque
1059 1604 1233 1666 genu
1264 1583 1421 1648 laeva
1450 1583 1664 1648 minus
1693 1605 1958 1667 aequora
1979 1583 2238 1667 linquit.

707 1667 805 1732 At
834 1689 1035 1751 quum
1064 1669 1271 1752 prima
1296 1668 1472 1734 subit
1499 1668 1692 1734 facies
1722 1669 2078 1734 remeabilis
2109 1669 2342 1747 Arcus,

618 1751 763 1816 Jam
794 1753 958 1818 sicca
990 1753 1249 1819 Oceano
1280 1754 1522 1820 Chiron
1551 1755 1834 1839 pernicia
1860 1755 2282 1820 crura[⁰⁸¹⁸⁸“
2302 1763 2594 1794 mxumo.

618 1836 901 1922 Expulit
926 1851 995 1904 et
1022 1840 1203 1904 celsis
1236 1839 1610 1925 Ophiuchas
1637 1840 1842 1924 fulget
1869 1841 1939 1904 in
1969 1840 2175 1906 astris.
2513 1841 2613 1888 ⁶⁸⁰

620 1923 735 1988 Nil
766 1925 963 1989 trahit
994 1926 1336 1991 obscurum
1370 1925 1684 2010 Serpens:
1731 1926 1845 1990 sed
1873 1937 2100 1992 trunca
2127 1936 2387 2010 recepta

620 2008 884 2075 Desinit
912 2034 1049 2076 esse
1078 2012 1321 2096 manu†
1348 2012 1576 2076 mediis
1603 2012 1902 2076 deformis
1929 2011 2174 2095 imago:

618 2095 662 2159 J
662 2117 765 2159 am
794 2095 964 2181 Lyra
992 2119 1139 2162 cum
1168 2098 1415 2182 superis
1444 2109 1512 2164 et
1544 2097 1745 2182 Cycni
1775 2098 2050 2162 dextera
2077 2119 2324 2182 penna:

620 2181 821 2245 Radit
852 2182 1148 2248 tellurem
1176 2183 1427 2248 rediens
1454 2206 1604 2249 cum
1633 2183 1837 2248 sidere
1869 2179 2196 2267 Cepheus.

618 2267 787 2331 Tum
820 2266 1012 2333 Canis
1040 2269 1372 2334 abscondit
1401 2270 1602 2334 totius
1630 2269 1910 2354 corporis
1939 2269 2121 2352 ignes
2509 2271 2609 2320 685

618 2351 711 2418 Et
738 2353 899 2419 latet
922 2354 1125 2420 Orion
1150 2379 1168 2432 3
1214 2367 1284 2420 et
1310 2377 1560 2440 semper
1586 2365 1768 2420 tutus
1795 2355 1864 2418 in
1895 2355 2085 2420 undis

618 2438 745 2503 Est
774 2438 993 2524 Lepus
1018 2464 1035 2518 ;
1081 2439 1446 2526 Argoaeque
1475 2441 1653 2518 ratis,
1685 2464 1814 2526 qua
1839 2441 2058 2504 flexile
2088 2440 2338 2522 signum

618 2523 703 2588 In
732 2527 1003 2610 puppim
1030 2527 1363 2605 formatur,
1394 2527 1602 2592 adhuc
1637 2526 1946 2612 aplustria
1972 2527 2210 2590 lucent.

619 2609 949 2694 Mergitur
978 2623 1045 2676 et
1074 2611 1352 2678 Perseus
1382 2623 1449 2677 et
1482 2611 1710 2696 Caprae
1739 2612 1954 2677 nobile
1975 2612 2214 2676 lumen.

2063 2699 2292 2746 [OBIRHTR
2311 2703 2617 2736 cnm-leonto.

706 2746 1021 2831 Aurigam
1052 2758 1262 2812 totum
1295 2749 1630 2812 abscondit
1660 2748 1918 2812 veniens
1950 2746 2392 2832 Capricornus,
2513 2749 2612 2796 690

618 2831 846 2917 Atque
877 2855 1129 2900 omnem
1160 2845 1457 2900 ornatum
1484 2835 1864 2899 venerandae
1895 2835 2160 2896 numine
2193 2830 2456 2915 Puppis.

620 2918 791 2982 Tum
823 2919 1118 3006 Procyon
1149 2921 1455 2984 obscurus
1484 2921 1621 2984 abit
1645 2946 1661 2998 3
1694 2921 1859 2984 redit
1887 2919 2162 3002 armiger
2191 2919 2370 2983 uncis

620 3003 991 3088 UnguibuS,
1022 3017 1173 3070 ante
1199 3028 1418 3070 omnes
1446 3018 1664 3090 gratus
1695 3006 1834 3084 tibi,
1867 3005 2143 3088 Jupiter,
2179 3003 2357 3068 Ales.

620 3089 938 3154 Omnibus
968 3101 1035 3156 et
1062 3092 1263 3155 stellis
1295 3092 1552 3176 Cycnus
1583 3091 1749 3156 redit
1779 3102 1845 3154 et
1873 3092 2008 3154 leve
2038 3087 2290 3169 Telum,

618 3175 713 3240 Et
732 3198 963 3260 parvus
993 3176 1360 3264 Delphinus
1390 3190 1457 3241 et
1486 3189 1639 3263 apta
1668 3177 1920 3240 Altaria
1947 3177 2159 3240 sacris·
2511 3176 2606 3226 695

620 3260 923 3346 [Eminus
952 3264 1245 3347 exsurgit
1274 3263 1528 3328 Minoia
1555 3273 1710 3327 nota
1740 3261 2042 3346 Corona.]

708 3345 1129 3432 Hydrochoos
1157 3349 1384 3413 caelum
1414 3349 1722 3414 scandens
1753 3349 1938 3411 simul
1970 3359 2188 3412 evocat
2218 3370 2326 3414 ore

619 3432 713 3496 Et
742 3435 979 3497 cervice
1011 3444 1200 3498 tenus
1229 3435 1538 3498 fidentem
1569 3434 1863 3517 Pegason
1893 3433 2028 3497 alis.
2141 3435 2374 3482 [omn-ra
2389 3441 2604 3478 munao.

617 3517 933 3582 Aversum
966 3516 1250 3585 Chirona
1280 3520 1477 3584 trahit
1509 3543 1643 3584 nox
1671 3531 1806 3583 atra
1837 3519 1956 3582 sub
1990 3518 2189 3583 undas
2214 3544 2230 3599 3

620 3602 911 3669 Oceanos
938 3607 1205 3670 caudam
1236 3607 1452 3690 tingit,
1483 3606 1768 3670 nondum
1799 3605 1970 3690 capit
1999 3626 2131 3681 ora,
2511 3603 2607 3654 ⁷⁰⁰

619 3689 774 3754 Non
797 3701 1004 3756 vastos
1032 3691 1354 3769 humeros,
1386 3714 1514 3756 non
1544 3701 1804 3775 pectora
1834 3690 2040 3754 tristia
2069 3689 2256 3766 setis3

618 3775 914 3862 Hydram
944 3777 1089 3862 plus
1118 3778 1392 3845 mediam
1423 3777 1663 3855 condit,
1699 3799 1845 3860 pars
1877 3775 2068 3842 tertia
2097 3775 2288 3840 lucet.

2053 3860 2334 3907 [oman-nno
2343 3867 2366 3900 s
2381 3868 2606 3905 uacuus.

706 3910 896 3977 Hanc
930 3912 1140 3978 Pisces
1170 3913 1417 3976 abdunt
1446 3912 1572 3976 orti
1601 3923 1941 3996 totumque
1974 3910 2344 3974 Biformem.

618 3995 839 4064 Quum
872 3999 1158 4082 geminos
1192 3997 1404 4062 Pisces
1437 3998 1781 4082 Aquilonis
1809 4007 2108 4080 provocat
2137 4019 2311 4072 aura,

618 4081 741 4146 Ille
772 4086 962 4149 etiam
1000 4085 1227 4168 surgit,
1264 4085 1375 4168 qui
1408 4086 1622 4148 tristes
1654 4083 1912 4166 respicit
1944 4082 2260 4158 Austros3
2510 4082 2604 4132 ⁷⁰5
