2992 4842
575 589 684 638 cxvi
1379 601 1535 638 nom
1560 602 1766 638 suaves

573 717 952 784 pulchritudinis
984 717 1208 776 habeant,
1246 717 1474 782 equidem
1512 734 1609 768 non
1642 725 1823 768 metuo.
1892 718 1998 768 Res
2016 719 2139 768 mihi
2158 734 2291 768 nunc
2318 720 2379 770 de
2399 737 2569 772 emen-

573 783 770 834 datione
811 783 1112 848 Thucydidei
1153 783 1248 832 loci
1289 783 1480 846 agitur:
1538 784 1623 833 ubi
1662 785 1862 833 omnino
1902 785 2117 834 amicum
2159 800 2325 834 meum
2360 802 2389 834 a
2422 803 2569 852 scopo

571 849 834 908 αὔου-λιιι,
873 849 1039 898 nullus
1071 848 1255 898 dubito.
1319 849 1409 896 Ait
1429 849 1627 912 quidem
1646 847 1956 912 Thucydides
1978 849 2331 913 Hipparchum,
2358 853 2417 900 ab
2438 852 2567 902 Har-

569 915 734 962 modio
771 921 1002 977 spretum,
1025 911 1104 976 (ἒν
1125 913 1274 976 τόπῳ
1300 915 1403 962 τινὶ
1421 915 1623 978 ἀφανεῖ,
1662 911 1731 970 ὠς
1750 913 1811 962 οὐ
1835 912 1917 962 διὰ
1939 915 2091 963 τοῦτο
2114 912 2195 975 δὴ,
2218 914 2567 977 ἐβουλεύσατο

571 979 948 1044 προπηλαειόν
977 978 1166 1039 αὐτὸν)
1187 979 1391 1027 consilia
1409 980 1595 1042 cepisse
1619 987 1676 1028 ut
1698 980 2039 1037 Harmodium,
2074 981 2127 1028 in
2148 989 2331 1029 secreto
2354 984 2567 1046 quodam

567 1045 694 1103 loco,
727 1059 822 1108 quo
847 1060 896 1092 se
918 1045 980 1092 ob
1000 1044 1126 1092 hanc
1147 1059 1346 1092 causam
1365 1044 1418 1092 id
1438 1059 1581 1108 agere
1614 1045 1777 1092 minus
1816 1052 2083 1107 putaretur,
2122 1045 2301 1107 injuris
2334 1047 2564 1098 afficeret.

569 1109 746 1158 Omnis
787 1109 1045 1157 difficultas
1081 1111 1134 1157 in
1173 1125 1289 1158 voce
1333 1108 1480 1173 τόπῳ
1516 1109 1663 1171 jacet,
1706 1124 1855 1172 quam
1892 1125 2006 1158 cum
2050 1110 2339 1173 Levesquio,
2384 1113 2565 1177 τρόπῳ

565 1174 788 1238 legendo,
827 1173 986 1232 tolles,
1019 1181 1074 1222 ut
1105 1174 1170 1223 sit
1204 1181 1380 1222 secreto
1417 1175 1624 1288 Ἔιοᾰαηι
1656 1173 1912 1222 modo-at
1928 1181 2092 1223 tamen
2124 1191 2221 1238 quo
2253 1177 2397 1226 modo
2439 1178 2563 1242 Hip·

563 1239 774 1318 parchus
809 1254 933 1299 rem,
965 1253 1112 1302 quam
1143 1240 1196 1288 in
1233 1247 1398 1288 mente
1469 1240 1657 1296 abebat,
1692 1247 1943 1288 assecutus
1980 1240 2061 1296 sit,
2100 1241 2406 1304 Thucydides
2438 1244 2563 1306 ipse,

563 1305 819 1368 inteliects
837 1311 1028 1352 tantum
1049 1319 1149 1352 una
1167 1305 1359 1368 pagins,
1382 1305 1540 1353 fusius
1560 1311 1751 1352 narrat:
1790 1305 2014 1352 Sororem
2038 1305 2309 1362 Harmodii,
2342 1308 2403 1355 ad
2426 1323 2565 1357 sacra

563 1370 758 1446 publice
779 1369 999 1418 facienda
1013 1369 1280 1427 invitatam,
1301 1369 1529 1427 ministri,
1552 1369 1637 1432 qui
1659 1369 1733 1416 illi
1754 1370 1824 1418 rei
1846 1369 2159 1432 praefuerunt.
2193 1371 2254 1418 ab
2277 1371 2559 1436 Hipparcho

563 1435 782 1500 instigati
813 1441 981 1510 utpote
1001 1435 1252 1496 indignam
1273 1434 1561 1497 rejecerunt.
1626 1433 1737 1482 Hoc
1756 1435 1922 1498 itaque
1942 1435 2087 1483 modo
2111 1435 2438 1498 Hipparchus,
2474 1441 2561 1501 qui

563 1515 704 1564 eque
737 1515 794 1549 ao
827 1499 912 1548 ahi
947 1499 1262 1548 Pisistratidas
1299 1514 1454 1562 usque
1480 1500 1543 1548 sd
1574 1499 1719 1547 illum
1754 1499 1884 1548 diem
1906 1500 1967 1548 ab
1987 1500 2179 1563 injuriis
2198 1501 2250 1548 in
2272 1501 2403 1550 cives
2426 1519 2559 1552 exer·

561 1566 732 1614 condis
751 1571 892 1613 caute
915 1580 968 1612 se
987 1565 1332 1624 abstinuerant,
1366 1565 1611 1627 judicium
1638 1563 1823 1628 populi,
1862 1565 1905 1612 si
1928 1580 2036 1613 eam
2068 1581 2173 1614 rem
2208 1581 2323 1614 cum
2360 1569 2559 1630 repulsa

562 1645 654 1680 sus
673 1631 982 1692 conjunctam
1004 1629 1352 1686 existimarent,
1373 1631 1575 1678 evadere
1598 1630 1823 1694 speravit.

623 1693 749 1759 1⁹09.
763 1695 843 1742 44.
882 1694 944 1744 In
979 1709 1172 1743 ramum
1204 1694 1385 1743 Atticae
1405 1695 1643 1758 regionis]
1682 1694 1798 1743 Non
1834 1694 2040 1743 dubium
2076 1702 2151 1742 est
2186 1698 2241 1743 in
2275 1694 2556 1747 Rhammm

561 1759 644 1809 hic
671 1759 768 1822 legi
791 1766 1040 1822 oportere:
1075 1759 1326 1808 Eratosth.
1348 1757 1420 1817 εἰς
1437 1757 1773 1824 Ῥαμνοῦντα
1790 1760 2044 1808 manifeste
2064 1759 2197 1808 dicit.

622 1823 791 1887 (1⁶51)
831 1824 1002 1874 Crates
1041 1824 1410 1888 'rragoedisrum
1451 1823 1691 1889 scriptor]
1746 1824 1779 1873 i.
1812 1839 1854 1872 e.
1900 1824 2159 1874 Cratinus:
2194 1824 2304 1873 vide
2351 1833 2453 1876 not.
2494 1829 2555 1876 sd

557 1891 838 2017 Ριῗαῗῶ.
871 1952 1109 2017 Jsctsret]
1145 1953 1280 2017 Lege
1301 1955 1565 2018 jactarent,
1586 1969 1731 2004 error.
1842 1969 1919 2016 og.

620 2018 742 2082 Paq.
755 2019 836 2068 46.
869 2018 995 2068 Dele
1018 2025 1255 2082 punctum
1273 2019 1403 2068 inter
1423 2019 1649 2084 OEyyptii
1670 2026 1720 2068 et
1810 2023 1990 2082 qipana
2010 2021 2344 2082 imposuerunt.

623 2087 747 2148 Paq.
769 2087 848 2133 47.
896 2083 1150 2132 Sositheus
1191 2091 1358 2133 autem
1397 2085 1743 2147 trsgoediarum
1780 2083 1983 2146 scriptor
2016 2083 2161 2132 illum
2201 2085 2409 2132 affirmat
2446 2099 2553 2135 esse

557 2148 841 2208 Crotonem,
873 2147 1153 2198 Eusebemis
1181 2149 1440 2198 Musarum
1453 2150 1659 2198 nutricis
1671 2149 1844 2208 filium,
1860 2156 1909 2197 et
1920 2147 2217 2197 inhabitasse
2242 2149 2551 2210 Heliconem,

554 2221 700 2278 atque
736 2214 926 2278 sagittis
961 2221 1010 2262 et
1048 2221 1227 2262 venatu
1259 2215 1410 2263 vitam
1430 2215 1666 2278 exegisse,
1704 2215 1789 2278 qui
1820 2214 1949 2262 inter
1988 2213 2161 2262 Musas
2198 2215 2376 2277 soepius
2414 2230 2549 2265 com-

552 2286 770 2328 moratus
806 2278 982 2342 plausu
1019 2286 1190 2328 cantus
1231 2295 1398 2328 earum
1431 2279 1777 2343 distinguebat,
1816 2278 1865 2326 id
1904 2283 1979 2327 est
2014 2279 2076 2326 ad
2110 2279 2284 2342 pedem
2322 2281 2547 2330 manibus

553 2344 828 2408 plaudebat,
866 2359 958 2407 quo
993 2345 1082 2392 alii
1112 2344 1366 2405 timent,'
1388 2351 1438 2392 et
1456 2345 1601 2408 paulo
1624 2345 1764 2402 infra,
1800 2347 1813 2372 ⁸
1831 2343 2061 2406 Nigidius
2082 2343 2142 2392 de
2168 2344 2379 2392 Crotone
2415 2345 2549 2394 idem

551 2409 684 2470 dicit,
721 2409 806 2457 sed
826 2424 924 2457 non
945 2417 1284 2458 conversatum
1305 2424 1418 2458 eum
1441 2409 1633 2466 Musis,
1667 2410 1753 2458 sed
1787 2409 1905 2457 dum
1939 2407 2038 2456 illae
2072 2415 2245 2457 cantus
2280 2408 2548 2473 chorosque

551 2474 864 2535 celebrarent,
908 2473 1040 2523 hunc
1081 2474 1251 2537 procul
1292 2475 1462 2523 auditu
1511 2475 1761 2538 repentino
1800 2473 1977 2538 plausu
2014 2474 2076 2521 ad
2114 2474 2289 2537 pedem
2332 2474 2549 2524 feriendo

551 2539 790 2588 oblectare
811 2537 1081 2602 canentes’]
1120 2543 1150 2566 “
1171 2538 1392 2587 Eandem
1413 2539 1515 2588 fere
1535 2540 1788 2588 historiam
1822 2539 1909 2586 sed
1939 2539 2280 2601 compendiose
2316 2541 2547 2602 scriptam

549 2612 712 2652 narrat
736 2604 981 2668 Hyginus.
1049 2607 1065 2632 ‘
1081 2603 1271 2652 Dicunt
1283 2604 1511 2652 nonnulli
1533 2605 1665 2654 hunc
1682 2619 1789 2652 esse
1808 2604 2011 2652 Crotum
2031 2604 2246 2662 nomine,
2261 2604 2545 2666 Euphemes

550 2669 811 2718 Musarum
833 2669 1038 2718 nutricis
1074 2669 1262 2726 filium;
1298 2677 1349 2717 at
1379 2670 1449 2717 sit
1483 2669 1754 2728 Sositheus,
1790 2668 2136 2732 tragoediarum
2172 2669 2389 2732 scriptor,
2430 2686 2545 2719 eum

549 2734 851 2784 domicilium
873 2735 925 2782 in
949 2741 1114 2782 monte
1138 2734 1375 2782 Helicone
1397 2729 1641 2795 habuisse,
1681 2741 1730 2782 et
1750 2749 1865 2782 cum
1888 2733 2047 2781 Musis
2069 2733 2269 2782 solitum
2290 2733 2540 2794 delectari,

548 2813 903 2862 nonnunquam
929 2800 1077 2847 etiam
1109 2800 1269 2847 studio
1292 2800 1560 2848 venationis
1584 2800 1834 2848 exerceri)
1903 2799 2031 2847 Cum
2071 2798 2270 2861 Hygino
2302 2802 2546 2849 consentit

549 2863 898 2913 Eratosthenes
913 2865 964 2911 in
977 2863 1260 2926 Euphemes,
1283 2879 1377 2928 quo
1393 2872 1531 2921 teste,
1554 2861 1694 2912 ἀλλὰ
1712 2864 1918 2928 μᾶλλον
1942 2861 2164 2926 Κρότον,
2179 2864 2274 2912 τὸν
2296 2861 2545 2929 Εὐφήμης

549 2931 655 2978 τῶν
690 2932 914 2978 Μουσῶν
934 2928 1122 2994 τροφοῦ
1156 2926 1272 2978 ὑιόν
1289 2943 1302 2955 ·
1319 2926 1475 2978 οἰκεῖν
1498 2927 1540 2978 δ’
1564 2927 1728 2977 αὐτὸν
1762 2929 1847 2976 καὶ
1886 2926 2174 2976 διαιτᾶσθαι
2207 2927 2264 2977 ἐν
2290 2925 2541 2989 Ἑλικῶνι,

549 2992 614 3042 ὃν
634 2995 719 3042 καὶ
741 2991 794 3042 αἱ
817 2994 1019 3042 Μοῦσαι
1040 2994 1140 3053 τὴν
1162 2993 1363 3048 τοξείαν
1386 2991 1667 3059 εὑράμενον
1690 2993 1790 3052 τὴν
1823 3010 1854 3041 τ
1886 2992 2019 3057 οψὴν
2052 2990 2159 3040 ἀπὸ
2200 2997 2306 3041 τῶν
2343 2991 2413 3058 ἀγ
2449 2994 2543 3044 ίων

548 3056 703 3122 ἔχειν,
743 3056 973 3123 καθάπερ
999 3059 1120 3123 φησὶ
1145 3059 1390 3116 Σωσίθεος
1405 3073 1418 3086 ·
1440 3058 1795 3124 συμμισγόντα
1817 3011 1883 3106 dg,
1892 3059 2007 3115 ταῖς
2029 3055 2264 3115 Μούσαις
2283 3058 2367 3106 καὶ
2426 3058 2536 3108 κού·

547 3140 677 3172 οντα
699 3122 874 3172 αὐτῶν
906 3121 994 3171 ἐπὶ
1030 3123 1285 3188 σημασίας
1319 3122 1639 3172 ἐπαινεῖσθαι
1676 3122 1861 3188 κρότον
1894 3124 2163 3182 ποιοῦντα,
2200 3122 2257 3170 τό
2303 3119 2403 3187 γάρ
2442 3126 2541 3184 τῆς

549 3189 725 3254 φωνῆς
747 3186 940 3252 α’σαφὲς
960 3187 1030 3246 ἦν
1050 3187 1155 3237 ὑπὸ
1176 3187 1293 3246 ἑνὸς
1313 3187 1496 3254 κρότου
1522 3188 1905 3252 σημαινόμενον
1921 3202 1933 3215 ·
1958 3185 2077 3237 ὅθεν
2100 3185 2319 3253 ὁρῶντες
2349 3188 2538 3239 τοῦτον

546 3254 631 3300 καὶ
669 3251 714 3302 οἱ
749 3254 902 3302 ἄλλοι
937 3252 1198 3317 ἔπραττον
1219 3252 1280 3302 τὸ
1313 3252 1460 3302 αὐτό.
1530 3254 1610 3300 Ex
1644 3253 1723 3301 his
1758 3253 2022 3300 novissima
2056 3255 2268 3316 primum
2307 3255 2537 3302 tractabo.

545 3317 665 3365 Vice
682 3315 727 3366 οἱ
743 3318 895 3366 ἄλλοι
907 3319 1161 3367 manifesto
1175 3320 1292 3366 satis
1306 3319 1401 3380 legi
1418 3319 1561 3366 debet
1582 3316 1629 3366 οἱ
1640 3320 1773 3376 ᾶνοι,
1794 3319 1828 3365 i.
1846 3334 1891 3367 e.
1912 3315 2197 3382 ἅνθρωποι.
2232 3319 2307 3366 De
2320 3319 2537 3368 confusis

542 3382 672 3430 inter
692 3399 744 3430 se
763 3381 917 3431 ἄλλοι
935 3392 983 3430 et
1005 3384 1124 3432 ᾶνοι
1140 3383 1233 3432 vid.
1259 3383 1492 3432 Valcken.
1516 3383 1750 3431 Annotat.
1774 3384 1896 3431 crit.
1920 3384 1972 3430 iu
1996 3383 2061 3431 N.
2084 3381 2141 3432 F.
2167 3399 2214 3446 p.
2240 3383 2351 3430 365.
2420 3383 2533 3432 Slu-

541 3447 635 3495 iter
674 3447 810 3494 Lect.
849 3448 1088 3496 Andocid.
1124 3463 1171 3510 p.
1201 3449 1307 3504 106,
1343 3456 1390 3496 et
1422 3448 1631 3496 Roulez.
1666 3448 1717 3496 in
1762 3447 1997 3496 Themist.
2036 3463 2082 3510 p.
2112 3450 2221 3505 126,
2261 3448 2321 3494 C.
2385 3447 2537 3496 Tueri

543 3520 706 3560 tamen
727 3509 879 3560 ἄλλοι
905 3512 1092 3560 videtur
1116 3513 1274 3560 Schol.
1301 3514 1352 3559 in
1381 3513 1675 3560 Gemanica
1696 3513 1797 3560 suis
1820 3513 1993 3570 verbis,
2020 3521 2265 3575 utcunque
2288 3513 2536 3562 mendosis

541 3582 623 3616 —‘
641 3594 732 3641 quo
754 3578 843 3624 alii
864 3578 1230 3626 tineaene—ita
1250 3578 1301 3625 ni
1325 3577 1481 3634 fallor,
1516 3578 1827 3641 corrigendis,
1868 3583 1882 3605 ‘
1897 3578 2026 3640 quod
2046 3577 2129 3625 alii
2154 3579 2397 3627 intuentes
2418 3579 2531 3626 imi-

541 3644 788 3701 tarentur-,⁹
828 3650 1022 3705 propter
1057 3642 1409 3691 Eratosthenes.
1431 3639 1767 3707 ὁρῶντες-οὶ
1800 3640 1954 3691 ἄλλοι
1992 3642 2253 3706 ἔπραττον
2285 3641 2345 3690 τὸ
2385 3641 2531 3692 αὐτό.

541 3708 588 3757 Ε
621 3715 790 3756 contra
824 3722 914 3770 ope
957 3707 1241 3756 Scholiastae
1285 3709 1460 3770 corrigi
1501 3715 1705 3770 possunt
1740 3709 1912 3756 Graeca
1946 3708 2106 3764 verba,
2151 3709 2235 3756 καὶ
2272 3705 2534 3757 ἀκούοντα

539 3772 716 3822 αὐτοῖν
739 3771 825 3820 ἐπὶ
848 3772 1105 3835 σημασίας
1125 3772 1458 3830 ἐπαινεῖσθαι,
1501 3772 1722 3834 legendo,
1762 3772 1819 3821 ἐν
1842 3773 1965 3820 ποσὶ
1988 3770 2199 3836 ἀσήμως
2220 3773 2351 3820 κατὰ
2375 3773 2533 3823 Πᾶνα

535 3834 2020 3951 {2²33552232323‘153'35.{22⁰³ffiss13112251f5ssi‘1123112232?
2045 3838 2339 3951 ’ἵέἓίῗῖἳῖ
2355 3840 2531 3950 &35³²

540 3966 738 4015 Heracl.
763 3968 875 4025 434,
913 3968 1060 4030 vulgo
1093 3967 1276 4030 legitur
1308 3966 1471 4046 Οίμοι,
1496 3968 1547 4016 τί
1569 3965 1679 4026 δῆτ’
1698 3919 1933 4032 ἓτερψὲς,
1956 3967 1995 4015 ὦ
2018 3919 2323 4032 τάλαινῬὲμὲ
2349 3919 2533 4026 Ἐλπξς

536 4029 660 4091 τότ’,
679 4030 738 4080 οὐ
758 4028 1020 4095 μέλλουσα
1042 4030 1292 4082 διατελεῖν
1314 4049 1486 4096 χαριν.
1553 4036 1623 4080 At
1644 4033 1847 4080 minime
1873 4033 1993 4095 Spes
2016 4040 2202 4095 poterat
2222 4033 2319 4080 dici
2336 4033 2531 4091 misera,

534 4112 704 4144 verum
730 4096 896 4145 Iolaus
915 4098 1019 4160 ipse
1038 4099 1198 4159 potius
1219 4099 1537 4146 miserrimus.
1605 4097 1739 4161 Lege
1762 4098 1913 4160 igitur
1941 4097 2001 4145 Τί
2023 4095 2133 4154 δῆτ’
2154 4096 2387 4162 ἔθρεψας,
2411 4096 2529 4147 ὥστ’
