2992 4842
784 1299 1420 1382 PRAEFATIO
1493 1297 2091 1382 EDITORIS.

1273 1618 1619 1657 -0—

451 1927 561 1992 DE
591 1927 731 2003 hac,
762 1949 910 2012 quae
954 1947 1125 1989 nunc
1153 1924 1391 2074 prodit,
1441 1924 1813 1989 Germanici
1842 1924 2144 2002 editione,
2176 1945 2304 1988 non
2338 1935 2439 1989 est

427 2036 562 2078 cur
588 2013 794 2077 multa
823 2012 1046 2076 dicam.
1201 2012 1244 2074 d
1286 2011 1444 2077 mihi
1473 2012 1869 2096 propositum
1899 2011 2046 2088 fuit,
2095 2021 2171 2074 ut
2200 2011 2435 2088 omnia,

450 2123 598 2184 quae
625 2099 852 2163 lectori
895 2097 1080 2162 utilia
1128 2097 1362 2174 forent,
1413 2097 1481 2160 in
1526 2121 1731 2162 unum
1780 2120 2011 2181 corpus
2061 2096 2434 2182 redigerem.

451 2185 791 2262 Quocirca,
821 2196 1058 2269 praeter
1088 2194 1270 2248 notas
1303 2183 1697 2262 Schwartzii,
1730 2207 1889 2269 quas
1922 2206 2142 2248 omnes
2168 2183 2439 2248 retinui-

447 2295 614 2348 muS,
667 2282 926 2336 secutus
983 2293 1128 2335 sum
1189 2292 1418 2334 novam
1467 2280 1695 2334 textus
1747 2271 2183 2334 recensionem
2242 2291 2438 2355 quam

453 2357 736 2422 Orellius
780 2378 988 2441 nuper
1039 2354 1314 2420 Phaedro
1361 2378 1478 2420 suo
1526 2357 1847 2442 adjunxit.
1940 2355 2147 2420 Notas
2177 2378 2438 2441 quoque

454 2443 812 2508 Orellianas
842 2465 1059 2507 omnes
1081 2441 1338 2519 servavi,
1359 2464 1488 2527 quo
1507 2442 1747 2506 factum
1770 2453 1868 2506 est
1893 2453 1967 2506 ut
1991 2441 2225 2518 omnia,
2257 2463 2439 2528 quae-

451 2552 705 2614 cunque
733 2529 803 2593 in
834 2529 1082 2593 duabus
1127 2527 1268 2591 istis
1314 2527 1703 2593 editionibus
1746 2529 2011 2613 reperiri
2038 2541 2322 2612 possent,
2367 2528 2439 2591 in

448 2615 740 2679 libellum
768 2637 986 2680 meum
1013 2614 1371 2697 migrarint.
1463 2611 1714 2678 Praeter
1742 2614 2022 2698 genuina
2067 2613 2439 2678 Germanici

447 2724 668 2785 opera,
719 2701 1133 2786 adjunximus
1160 2699 1375 2777 etiam,
1429 2722 1516 2764 ex
1562 2700 1843 2764 editione
1874 2699 2064 2764 Arati
2095 2699 2438 2777 Buhliana,

357 2839 360 2841 Α
456 2787 712 2852 Scholia
751 2799 988 2864 vetera,
1035 2808 1183 2872 quae
1224 2785 1376 2850 olim
1405 2809 1444 2850 a
1473 2786 1853 2871 quibusdam
1900 2786 2285 2850 Germanico
2316 2785 2441 2870 ipsi

453 2874 790 2958 adscripta,
841 2872 1070 2936 merito
1115 2872 1397 2949 tandem,
1460 2873 1699 2957 quippe
1751 2894 1899 2959 quae
1944 2871 2268 2937 humiliori
2310 2871 2443 2936 sint

455 2958 644 3044 st510,
691 2980 884 3043 quam
928 2969 1005 3022 ut
1055 2958 1174 3022 aevi
1220 2958 1507 3040 Augusti
1551 2957 1761 3041 proles
1790 2959 1938 3036 sint,
1984 2981 2022 3022 a
2053 2957 2441 3022 Germanico

455 3045 922 3130 abjudicantur.
1010 3043 1150 3108 Nec
1181 3054 1396 3108 tamen
1425 3043 1687 3108 omnino
1714 3044 1969 3109 inutilia
1996 3067 2073 3108 ea
2116 3066 2251 3107 esse
2293 3066 2442 3107 cen-

454 3132 578 3194 seri
603 3142 896 3216 possunt,
948 3153 1093 3194 cum
1122 3129 1308 3214 plura
1335 3129 1639 3207 habeant,
1692 3152 1839 3214 quae
1882 3131 1959 3194 de
2010 3129 2442 3214 Scriptoribus

455 3216 801 3302 deperditis
830 3217 988 3280 scire
1034 3238 1180 3316 non·
1196 3217 1636 3299 dedignemur.
1731 3215 1861 3281 Sed
1889 3217 1968 3280 de
1998 3217 2136 3281 istis
2172 3215 2443 3280 Scholiis

454 3302 1587 3473 1pggssdpdlupllrtgengg1gggz32ssrimum
1619 3387 1740 3451 sub
1783 3381 2041 3452 nomine
2086 3391 2446 3454 Commenti

457 3479 532 3540 in
563 3479 794 3540 Sicilia
821 3479 1061 3559 reperti
1088 3497 1218 3538 una
1246 3495 1392 3537 cum
1411 3472 1644 3536 Avieni
1669 3473 1925 3538 Arateis
1956 3486 2023 3537 et
2050 3474 2188 3538 aliis
2216 3473 2446 3538 Victor

461 3560 754 3641 PisanuS,
781 3559 1020 3626 Venet.
1069 3561 1259 3638 1488,
1287 3559 1356 3622 4.
1394 3571 1542 3644 post
1586 3581 1654 3622 re
1702 3559 1863 3624 etita
1904 3572 2057 3624 sunt
2096 3560 2178 3624 ab
2232 3560 2441 3638 Aldo;

458 3647 685 3710 deinde
714 3647 784 3709 in
815 3647 966 3711 edit.
1000 3645 1403 3725 Mor'elliana,
1451 3646 1522 3708 in
1556 3645 1651 3708 Co
1678 3645 1923 3710 oniensi
1953 3647 2172 3729 (1569,
2203 3646 2333 3724 fol.)
2378 3657 2446 3710 et

459 3733 530 3797 in
543 3733 1060 3797 Sanctandreana
1072 3729 1522 3814 Heidelbergae
1540 3733 1728 3810 1589,
1743 3733 1805 3798 8.
1832 3732 2100 3796 Grotius
2112 3755 2185 3796 ea
2201 3733 2268 3794 in
2289 3730 2448 3815 Syn-

460 3831 674 3902 tagma
703 3842 890 3884 suum
923 3818 1310 3882 Arateorum
1331 3840 1460 3882 non
1483 3817 1755 3884 admisit.
1832 3818 2162 3882 Redhibui
2195 3817 2449 3882 Scholia

459 3906 582 3970 ista
627 3905 800 3968 haud
843 3915 1093 3970 mutata
1119 3903 1221 3967 vel
1251 3904 1605 3979 emendata,
1638 3904 1762 3967 nisi
1786 3905 1959 3988 quod
1989 3928 2065 3969 ea
2091 3902 2319 3968 melius
2349 3905 2448 3967 in-

459 3991 762 4076 terpungi
791 3991 1039 4067 curavi3
1088 3989 1278 4054 nimis
1325 3990 1496 4052 enim
1539 3989 1808 4053 barbare
1856 4004 1923 4055 et
1960 3991 2182 4054 vitiose
2212 3990 2449 4074 scripta

462 4088 634 4156 sunt,
681 4099 874 4164 quam
897 4088 973 4142 ut
994 4099 1209 4160 operae
1229 4075 1507 4160 pretium
1531 4075 1755 4140 fuisset
1774 4099 1995 4141 eorum
2014 4077 2446 4221 emeicz'dationi

2096 4185 2133 4220 a
