2992 4842
1327 575 1637 624 scnomA.
2392 558 2480 624 49

484 715 786 782 terribilis
822 726 890 781 et
916 714 1323 798 clarissimus,
1363 717 1498 803 qui,
1531 716 1586 780 si
1617 715 1847 799 fulget,
1885 716 2296 780 serenitatem
2325 739 2476 801 por-

483 803 728 866 tendit:
776 803 830 866 si
890 802 1285 878 obscuratur,
1336 812 1788 886 tempestatem
1837 801 2066 866 annuit
2115 802 2469 869 imminere.

484 887 683 952 Hunc
716 887 1039 952 Hesiodus
1069 888 1243 969 dicit·
1264 888 1562 973 Neptuni
1609 898 1675 950 et
1726 887 2041 970 Euryales
2087 887 2312 964 filium,
2370 891 2474 954 cui

482 974 653 1037 dono
682 975 904 1038 datum
935 985 1035 1038 est
1062 998 1101 1038 a
1131 974 1470 1058 Neptune,
1501 985 1577 1037 ut
1607 996 1797 1058 super
1825 974 2056 1037 fluctus
2095 975 2474 1055 ambularet,

478 1059 679 1124 veluti
698 1082 888 1143 supra
906 1071 1160 1124 terram.
1227 1059 1530 1126 Quicum
1558 1059 1787 1124 Chium
1812 1060 2108 1137 venisset,
2135 1058 2473 1144 Meropem

482 1143 872 1228 OEnopionis
900 1146 1100 1209 filiam
1130 1147 1526 1231 compressit,
1555 1167 1748 1231 quem
1781 1145 2114 1229 OEnopion
2143 1146 2226 1208 ob
2248 1146 2474 1231 injuri-

482 1253 585 1294 am
637 1232 1004 1308 excaecavit,
1057 1243 1125 1296 et
1169 1232 1251 1295 de
1298 1232 1535 1295 finibus
1585 1233 1712 1294 suis
1761 1231 2034 1315 expulit.
2128 1230 2277 1314 Ipse
2327 1255 2473 1298 cum

480 1314 800 1380 Lemnum
819 1319 1117 1394 venisset,
1150 1341 1186 1381 a
1214 1317 1362 1381 Sole
1391 1318 1623 1380 dicitur
1647 1318 1706 1380 ei
1728 1317 1974 1380 lumina
1995 1317 2293 1380 restituta
2310 1341 2472 1398 esse,

482 1412 550 1464 et
577 1425 865 1466 reversus
896 1413 995 1466 est
1024 1403 1104 1467 ad
1136 1403 1598 1488 OEnopionem,
1629 1403 1735 1488 qui
1771 1424 1917 1466 cum
1947 1426 1984 1466 a
2014 1403 2255 1466 civibus
2301 1415 2472 1468 terra

478 1487 992 1565 absconderetur,
1071 1489 1427 1574 OEnopion,
1490 1489 1824 1572 desperata
1883 1489 2020 1572 ejus
2077 1488 2468 1566 inventione,

481 1569 744 1637 Cretam
777 1587 875 1639 est
902 1575 1263 1659 profectus:
1312 1576 1424 1638 ubi
1454 1587 1601 1638 cum
1630 1574 1962 1637 immodice
1993 1585 2352 1651 venaretur,
2403 1587 2471 1640 et

478 1681 519 1721 a
550 1658 764 1724 Diana
790 1661 1235 1743 corriperetur,
1261 1661 1352 1724 ait
1382 1684 1449 1724 se
1479 1661 1721 1724 nullam
1752 1659 1950 1722 feram
1980 1661 2046 1722 in
2079 1661 2264 1723 terris
2287 1660 2472 1725 relic-

476 1755 715 1809 turum.
805 1745 1025 1808 Tellus
1042 1747 1375 1831 indignata
1398 1745 1815 1830 Scorpionem
1834 1745 2073 1808 extulit
2094 1746 2275 1808 mirae
2293 1769 2468 1830 mag-

476 1830 809 1908 nitudiniS,
844 1832 956 1917 qui
986 1855 1213 1916 poenas
1242 1832 1807 1918 magniloquentiae
1839 1832 1977 1915 ejus
2009 1831 2318 1913 exigeret,
2341 1833 2470 1895 'Ju-

474 1916 644 1999 piter
672 1929 889 1980 autem
922 1917 1227 1981 Orionem
1257 1919 1339 1982 ob
1369 1919 1670 1982 virtutem
1719 1917 1902 1981 astris
1949 1917 2190 1980 intulit.
2284 1917 2469 1984 Idem

471 2015 710 2084 rogatu
763 2003 995 2067 Dianae
1052 2004 1465 2088 Scorpionem
1509 2005 1679 2067 inter
1719 2014 1888 2066 astra
1936 2003 2268 2067 duodecim
2309 2005 2466 2068 caelo

476 2088 826 2166 collocavit,
858 2111 1133 2174 quorum
1162 2101 1384 2153 contra
1410 2089 1921 2172 magnitudinem
1959 2088 2162 2152 stellae
2211 2111 2467 2176 quoque

478 2195 699 2238 eorum
756 2175 1162 2259 amplissimae
1221 2186 1391 2240 sunt.
1485 2175 1970 2239 Aristomachus
2031 2185 2246 2238 autem
2315 2177 2468 2241 dicit

476 2258 801 2344 Erythrea
814 2263 1131 2347 quendam
1150 2262 1389 2326 Thebis
1411 2273 1561 2326 voto
1583 2261 1842 2346 petisse,
1863 2272 1937 2324 ut
1953 2261 2155 2324 filium
2176 2262 2466 2340 haberet,

476 2345 557 2409 ad
602 2368 797 2432 quem
847 2348 1103 2431 Jupiter
1158 2348 1517 2412 Mercurius
1563 2360 1630 2410 et
1669 2347 2018 2430 Neptunus
2050 2347 2328 2430 hospitio
2355 2349 2466 2412 de-

472 2446 815 2498 venerunt:
850 2435 961 2518 qui
982 2434 1073 2496 eis
1094 2433 1369 2498 hostiam
1391 2433 1762 2510 immolavit,
1787 2445 1862 2496 ut
1878 2433 2048 2496 filius
2067 2445 2463 2512 nasceretur3

475 2519 657 2602 cujus
688 2520 864 2583 bovis
894 2519 1063 2604 pelle
1095 2519 1397 2595 detracta,
1429 2520 1520 2583 dii
1545 2521 1612 2582 in
1643 2543 1783 2582 eam
1814 2519 2063 2582 urinam
2085 2519 2314 2598 fecere,
2327 2521 2468 2604 jus-

474 2626 677 2691 suque
709 2606 1036 2682 Mercurii,
1070 2616 1241 2669 terra
1268 2606 1501 2669 obruta
1529 2618 1648 2682 est,
1681 2605 1852 2668 unde
1881 2627 2043 2689 puer
2066 2605 2464 2688 supradictus

473 2702 573 2755 est
602 2702 813 2768 natUS,
858 2714 1051 2778 quem
1076 2691 1390 2754 Urionem
1414 2691 1895 2776 appellaverunt
1925 2702 1992 2753 et
2021 2692 2205 2754 astris
2228 2691 2466 2756 intule-

472 2789 647 2841 runt.
739 2777 1018 2843 Quidam
1050 2789 1267 2841 autem
1299 2778 1522 2841 dicunt
1565 2777 1878 2840 Urionem
1927 2775 2464 2859 Methymnaeum,

474 2863 586 2947 qui
615 2885 759 2926 cum
783 2875 949 2928 esset
978 2864 1240 2927 citharae
1270 2874 1520 2947 potenS,
1553 2886 1672 2926 rex
1706 2861 2179 2927 Corinthiorum
2225 2861 2465 2946 Pyran-

473 2949 621 3011 thus
652 2951 909 3013 nomine
940 2972 1086 3014 eum
1119 2949 1368 3026 dilexit,
1402 2951 1514 3035 qui
1545 2971 1688 3012 cum
1719 2973 1756 3012 a
1784 2970 1935 3030 rege
1965 2947 2368 3031 impetrasset
2390 2961 2464 3013 ut

469 3034 791 3098 civitatem
819 3046 957 3099 arte
988 3058 1101 3098 sua
1128 3036 1500 3114 illustraret,
1541 3047 1608 3098 et
1653 3057 1955 3118 magnum
2003 3035 2464 3117 patrimonium

470 3120 927 3205 acquisivisset,
977 3134 1435 3185 consenserunt
1480 3121 1704 3184 famuli
1751 3143 1896 3184 cum
1939 3120 2172 3198 nautiS,
2211 3132 2285 3183 ut
2315 3143 2463 3185 eum

470 3205 934 3285 interficerent3
983 3229 1173 3293 quem
1198 3229 1343 3270 cum
1363 3207 1601 3270 vellent
1622 3207 2002 3283 interficere,
2035 3207 2224 3290 petiit
2255 3207 2336 3270 ab
2370 3208 2462 3272 eis

470 3302 546 3354 ut
596 3306 747 3356 ante
798 3295 1185 3358 decantaret.
1280 3291 1450 3356 Cum
1500 3304 1714 3356 autem
1767 3292 2030 3357 citharae
2077 3314 2269 3356 sonus
2316 3316 2463 3357 cum

467 3400 619 3442 voce
650 3381 787 3464 ejus
836 3380 1185 3459 audiretur,
1233 3378 1546 3462 Delphini
1597 3378 1830 3442 circum
1876 3378 2086 3442 navim
2122 3392 2459 3457 venerunt,

465 3463 575 3526 ille
606 3487 798 3549 super
825 3487 1027 3528 unum
1052 3489 1135 3528 ex
1156 3465 1256 3529 his
1279 3488 1345 3528 se
1366 3464 1808 3548 praecipitavit,
1834 3465 1946 3549 qui
1968 3487 2110 3528 eum
2137 3465 2461 3530 sublatum

470 3550 550 3612 ad
582 3550 834 3634 Regem
887 3550 1289 3634 Pyranthum
1323 3547 1712 3614 Corinthum
1753 3551 2002 3615 detulit.
2095 3549 2460 3634 Delphinus

467 3636 795 3700 subductis
823 3659 941 3721 per
968 3649 1199 3700 aestum
1239 3637 1421 3722 aquis
1467 3636 1872 3700 exanimatus
1924 3647 2040 3700 est.
2135 3635 2269 3700 Qui
2316 3659 2460 3700 cum

467 3743 613 3785 suos
664 3745 847 3786 casus
899 3722 1229 3806 Pyrantho
1270 3723 1611 3798 narrasset,
1661 3722 1856 3807 jussit
1913 3744 2032 3786 rex
2095 3721 2458 3804 Pyranthus

469 3806 867 3892 Delphinum
898 3808 1175 3892 sepeliri,
1210 3819 1276 3872 et
1306 3808 1365 3870 ei
1394 3819 1884 3871 monumentum
1927 3807 2105 3870 fieri:
2154 3817 2298 3889 post
2342 3808 2456 3870 ali-

510 3895 849 3957 uantulum
888 3895 1195 3978 temporis
1239 3894 1437 3971 naviS,
1483 3915 1610 3979 qua
1657 3892 1856 3957 Orion
1897 3894 2192 3956 devectus
2221 3891 2455 3970 fuerat,

466 3914 853 4042 gorinthum
896 3980 1109 4044 delata
1148 3991 1265 4044 est.
1342 3979 1608 4044 -Nautas
1650 4002 1792 4043 cum
1836 3980 1915 4042 ad
1955 4001 2022 4041 se
2064 3976 2291 4040 adduci
2337 4000 2458 4042 rex

464 4064 861 4149 imperasset,
924 4076 991 4129 et
1049 4066 1127 4129 de
1190 4065 1429 4130 Orione
1487 4066 1864 4151 inquireret,
1935 4063 2242 4188 dixeruiit
2307 4086 2456 4128 eum
