<?xml version="1.0" encoding="UTF-8"?>
<!DOCTYPE html PUBLIC "-//W3C//DTD XHTML 1.0 Transitional//EN"
    "http://www.w3.org/TR/xhtml1/DTD/xhtml1-transitional.dtd">
<html xmlns="http://www.w3.org/1999/xhtml" xml:lang="en" lang="en">
 <head>
  <title>
</title>
<meta http-equiv="Content-Type" content="text/html;charset=utf-8" />
  <meta name='ocr-system' content='tesseract 3.04.00' />
  <meta name='ocr-capabilities' content='ocr_page ocr_carea ocr_par ocr_line ocrx_word'/>
</head>
<body>
  <div class='ocr_page' id='page_1' title='image "./germanicicaesar00aratgoog_0088.png"; bbox 0 0 2992 4842; ppageno 0'>
   <div class='ocr_carea' id='block_1_1' title="bbox 592 551 1749 620">
    <p class='ocr_par' dir='ltr' id='par_1_1' title="bbox 592 551 1749 620">
     <span class='ocr_line' id='line_1_1' title="bbox 592 551 1749 620; baseline 0.001 -2"><span class='ocrx_word' id='word_1_1' title='bbox 592 551 680 618; x_wconf 83' lang='lat'>56</span> <span class='ocrx_word' id='word_1_2' title='bbox 1435 573 1749 620; x_wconf 65' lang='lat' dir='ltr'>senona·</span> 
     </span>
    </p>
   </div>
   <div class='ocr_carea' id='block_1_2' title="bbox 583 710 2596 3028">
    <p class='ocr_par' dir='ltr' id='par_1_2' title="bbox 583 710 2596 3028">
     <span class='ocr_line' id='line_1_2' title="bbox 592 710 2596 800; baseline 0.001 -20"><span class='ocrx_word' id='word_1_3' title='bbox 592 710 842 780; x_wconf 85' lang='lat' dir='ltr'>Corvus</span> <span class='ocrx_word' id='word_1_4' title='bbox 869 713 1015 780; x_wconf 88' lang='lat' dir='ltr'>ideo</span> <span class='ocrx_word' id='word_1_5' title='bbox 1031 711 1204 780; x_wconf 87' lang='lat' dir='ltr'>inter</span> <span class='ocrx_word' id='word_1_6' title='bbox 1231 724 1402 780; x_wconf 89' lang='lat' dir='ltr'>astra</span> <span class='ocrx_word' id='word_1_7' title='bbox 1429 716 1775 783; x_wconf 86' lang='lat' dir='ltr'>collocatus</span> <span class='ocrx_word' id='word_1_8' title='bbox 1804 715 2061 794; x_wconf 83' lang='lat' dir='ltr'>dicitur,</span> <span class='ocrx_word' id='word_1_9' title='bbox 2094 737 2175 780; x_wconf 92' lang='lat' dir='ltr'>eo</span> <span class='ocrx_word' id='word_1_10' title='bbox 2204 715 2379 800; x_wconf 89' lang='lat' dir='ltr'>quod</span> <span class='ocrx_word' id='word_1_11' title='bbox 2394 715 2596 782; x_wconf 87' lang='lat' dir='ltr'>fuerit</span> 
     </span>
     <span class='ocr_line' id='line_1_3' title="bbox 589 799 2593 886; baseline 0.001 -23"><span class='ocrx_word' id='word_1_12' title='bbox 589 799 660 864; x_wconf 91' lang='lat' dir='ltr'>in</span> <span class='ocrx_word' id='word_1_13' title='bbox 685 801 890 864; x_wconf 86' lang='lat' dir='ltr'>tutela</span> <span class='ocrx_word' id='word_1_14' title='bbox 911 800 1254 886; x_wconf 81' lang='lat' dir='ltr'>Apollinis,</span> <span class='ocrx_word' id='word_1_15' title='bbox 1287 825 1326 868; x_wconf 88' lang='lat' dir='ltr'>a</span> <span class='ocrx_word' id='word_1_16' title='bbox 1343 825 1473 886; x_wconf 90' lang='lat' dir='ltr'>quo</span> <span class='ocrx_word' id='word_1_17' title='bbox 1491 803 1721 868; x_wconf 88' lang='lat' dir='ltr'>missus</span> <span class='ocrx_word' id='word_1_18' title='bbox 1744 803 1825 868; x_wconf 87' lang='lat' dir='ltr'>ad</span> <span class='ocrx_word' id='word_1_19' title='bbox 1846 800 2115 877; x_wconf 83' lang='lat' dir='ltr'>fontem,</span> <span class='ocrx_word' id='word_1_20' title='bbox 2148 812 2224 866; x_wconf 87' lang='lat' dir='ltr'>ut</span> <span class='ocrx_word' id='word_1_21' title='bbox 2254 801 2376 866; x_wconf 90' lang='lat' dir='ltr'>diis</span> <span class='ocrx_word' id='word_1_22' title='bbox 2406 804 2489 867; x_wconf 88' lang='lat' dir='ltr'>ad</span> <span class='ocrx_word' id='word_1_23' title='bbox 2515 803 2593 866; x_wconf 89' lang='lat' dir='ltr'>li·-</span> 
     </span>
     <span class='ocr_line' id='line_1_4' title="bbox 589 886 2590 971; baseline 0.002 -23"><span class='ocrx_word' id='word_1_24' title='bbox 589 886 874 950; x_wconf 88' lang='lat' dir='ltr'>bandum</span> <span class='ocrx_word' id='word_1_25' title='bbox 917 909 1152 971; x_wconf 87' lang='lat' dir='ltr'>aquam</span> <span class='ocrx_word' id='word_1_26' title='bbox 1203 886 1503 966; x_wconf 82' lang='lat' dir='ltr'>deferret,</span> <span class='ocrx_word' id='word_1_27' title='bbox 1548 909 1695 952; x_wconf 89' lang='lat' dir='ltr'>cum</span> <span class='ocrx_word' id='word_1_28' title='bbox 1734 887 1997 952; x_wconf 87' lang='lat' dir='ltr'>vidisset</span> <span class='ocrx_word' id='word_1_29' title='bbox 2040 888 2299 952; x_wconf 89' lang='lat' dir='ltr'>arbores</span> <span class='ocrx_word' id='word_1_30' title='bbox 2338 910 2590 971; x_wconf 88' lang='lat' dir='ltr'>grossos</span> 
     </span>
     <span class='ocr_line' id='line_1_5' title="bbox 591 971 2588 1050; baseline 0.002 -16"><span class='ocrx_word' id='word_1_31' title='bbox 591 972 752 1036; x_wconf 90' lang='lat' dir='ltr'>ficus</span> <span class='ocrx_word' id='word_1_32' title='bbox 804 971 1138 1050; x_wconf 88' lang='lat' dir='ltr'>habentes,</span> <span class='ocrx_word' id='word_1_33' title='bbox 1190 973 1410 1038; x_wconf 85' lang='lat' dir='ltr'>volans</span> <span class='ocrx_word' id='word_1_34' title='bbox 1459 973 1749 1038; x_wconf 83' lang='lat' dir='ltr'><strong>consedit</strong></span> <span class='ocrx_word' id='word_1_35' title='bbox 1790 974 1857 1038; x_wconf 88' lang='lat' dir='ltr'>in</span> <span class='ocrx_word' id='word_1_36' title='bbox 1908 973 2023 1050; x_wconf 72' lang='grc' dir='ltr'>εἰει,</span> <span class='ocrx_word' id='word_1_37' title='bbox 2071 973 2275 1036; x_wconf 89' lang='lat' dir='ltr'>donec</span> <span class='ocrx_word' id='word_1_38' title='bbox 2312 985 2588 1038; x_wconf 88' lang='lat' dir='ltr'>maturae</span> 
     </span>
     <span class='ocr_line' id='line_1_6' title="bbox 587 1057 2589 1143; baseline 0.001 -24"><span class='ocrx_word' id='word_1_39' title='bbox 587 1057 841 1136; x_wconf 88' lang='lat' dir='ltr'>fierent,</span> <span class='ocrx_word' id='word_1_40' title='bbox 889 1068 956 1121; x_wconf 88' lang='lat' dir='ltr'>et</span> <span class='ocrx_word' id='word_1_41' title='bbox 993 1080 1226 1141; x_wconf 89' lang='lat' dir='ltr'>aquam</span> <span class='ocrx_word' id='word_1_42' title='bbox 1256 1059 1505 1124; x_wconf 86' lang='lat' dir='ltr'>deferre</span> <span class='ocrx_word' id='word_1_43' title='bbox 1551 1059 1837 1136; x_wconf 84' lang='lat' dir='ltr'>distulit3</span> <span class='ocrx_word' id='word_1_44' title='bbox 1883 1069 2035 1143; x_wconf 89' lang='lat' dir='ltr'>post</span> <span class='ocrx_word' id='word_1_45' title='bbox 2080 1081 2319 1143; x_wconf 87' lang='lat' dir='ltr'>paucos</span> <span class='ocrx_word' id='word_1_46' title='bbox 2368 1070 2589 1123; x_wconf 90' lang='lat' dir='ltr'>autem</span> 
     </span>
     <span class='ocr_line' id='line_1_7' title="bbox 590 1141 2587 1226; baseline 0.002 -21"><span class='ocrx_word' id='word_1_47' title='bbox 590 1141 724 1206; x_wconf 94' lang='lat' dir='ltr'>dies</span> <span class='ocrx_word' id='word_1_48' title='bbox 761 1152 1020 1226; x_wconf 89' lang='lat' dir='ltr'>peracto</span> <span class='ocrx_word' id='word_1_49' title='bbox 1050 1145 1375 1221; x_wconf 85' lang='lat' dir='ltr'>sacrificio,</span> <span class='ocrx_word' id='word_1_50' title='bbox 1424 1167 1572 1209; x_wconf 91' lang='lat' dir='ltr'>cum</span> <span class='ocrx_word' id='word_1_51' title='bbox 1618 1144 1726 1208; x_wconf 88' lang='lat' dir='ltr'>ille</span> <span class='ocrx_word' id='word_1_52' title='bbox 1773 1146 1925 1209; x_wconf 89' lang='lat' dir='ltr'>ficos</span> <span class='ocrx_word' id='word_1_53' title='bbox 1964 1145 2360 1221; x_wconf 81' lang='lat' dir='ltr'><strong>comedisset,</strong></span> <span class='ocrx_word' id='word_1_54' title='bbox 2407 1155 2475 1208; x_wconf 91' lang='lat' dir='ltr'>et</span> <span class='ocrx_word' id='word_1_55' title='bbox 2520 1168 2587 1208; x_wconf 92' lang='lat' dir='ltr'>se</span> 
     </span>
     <span class='ocr_line' id='line_1_8' title="bbox 589 1227 2588 1314; baseline 0.002 -23"><span class='ocrx_word' id='word_1_56' title='bbox 589 1227 709 1292; x_wconf 87' lang='lat' dir='ltr'>diis</span> <span class='ocrx_word' id='word_1_57' title='bbox 737 1228 1030 1312; x_wconf 68' lang='lat' dir='ltr'>peccasse</span> <span class='ocrx_word' id='word_1_58' title='bbox 1065 1231 1386 1308; x_wconf 86' lang='lat' dir='ltr'>sensisset,</span> <span class='ocrx_word' id='word_1_59' title='bbox 1421 1229 1635 1294; x_wconf 88' lang='lat' dir='ltr'>denuo</span> <span class='ocrx_word' id='word_1_60' title='bbox 1658 1231 1739 1295; x_wconf 91' lang='lat' dir='ltr'>ad</span> <span class='ocrx_word' id='word_1_61' title='bbox 1759 1230 2025 1308; x_wconf 84' lang='lat' dir='ltr'>fontem,</span> <span class='ocrx_word' id='word_1_62' title='bbox 2058 1241 2135 1293; x_wconf 90' lang='lat' dir='ltr'>ut</span> <span class='ocrx_word' id='word_1_63' title='bbox 2162 1252 2397 1314; x_wconf 90' lang='lat' dir='ltr'>aquam</span> <span class='ocrx_word' id='word_1_64' title='bbox 2427 1231 2588 1294; x_wconf 89' lang='lat' dir='ltr'>hau-</span> 
     </span>
     <span class='ocr_line' id='line_1_9' title="bbox 587 1313 2589 1400; baseline 0 -22"><span class='ocrx_word' id='word_1_65' title='bbox 587 1313 763 1392; x_wconf 87' lang='lat' dir='ltr'>riret,</span> <span class='ocrx_word' id='word_1_66' title='bbox 795 1314 1008 1392; x_wconf 89' lang='lat' dir='ltr'>rediit,</span> <span class='ocrx_word' id='word_1_67' title='bbox 1035 1325 1102 1380; x_wconf 91' lang='lat' dir='ltr'>et</span> <span class='ocrx_word' id='word_1_68' title='bbox 1131 1315 1211 1379; x_wconf 85' lang='lat' dir='ltr'>ab</span> <span class='ocrx_word' id='word_1_69' title='bbox 1257 1315 1486 1398; x_wconf 85' lang='lat' dir='ltr'><strong>Hydra</strong></span> <span class='ocrx_word' id='word_1_70' title='bbox 1527 1316 1875 1380; x_wconf 85' lang='lat' dir='ltr'>exterritus</span> <span class='ocrx_word' id='word_1_71' title='bbox 1913 1339 2021 1380; x_wconf 86' lang='lat' dir='ltr'>vas</span> <span class='ocrx_word' id='word_1_72' title='bbox 2058 1328 2329 1380; x_wconf 82' lang='lat' dir='ltr'>vacuum</span> <span class='ocrx_word' id='word_1_73' title='bbox 2368 1337 2589 1400; x_wconf 90' lang='lat' dir='ltr'>repor-</span> 
     </span>
     <span class='ocr_line' id='line_1_10' title="bbox 587 1399 2581 1486; baseline 0.002 -23"><span class='ocrx_word' id='word_1_74' title='bbox 587 1399 769 1477; x_wconf 76' lang='lat' dir='ltr'>tavit,</span> <span class='ocrx_word' id='word_1_75' title='bbox 820 1400 1036 1464; x_wconf 88' lang='lat' dir='ltr'>dicens</span> <span class='ocrx_word' id='word_1_76' title='bbox 1089 1402 1437 1465; x_wconf 84' lang='lat' dir='ltr'>excessisse</span> <span class='ocrx_word' id='word_1_77' title='bbox 1483 1423 1740 1486; x_wconf 88' lang='lat' dir='ltr'>aquam,</span> <span class='ocrx_word' id='word_1_78' title='bbox 1811 1424 1959 1486; x_wconf 86' lang='lat' dir='ltr'>quae</span> <span class='ocrx_word' id='word_1_79' title='bbox 2004 1402 2217 1465; x_wconf 89' lang='lat' dir='ltr'>fuerat</span> <span class='ocrx_word' id='word_1_80' title='bbox 2262 1402 2333 1464; x_wconf 92' lang='lat' dir='ltr'>in</span> <span class='ocrx_word' id='word_1_81' title='bbox 2378 1400 2581 1467; x_wconf 86' lang='lat' dir='ltr'>fonte.</span> 
     </span>
     <span class='ocr_line' id='line_1_11' title="bbox 590 1485 2584 1572; baseline 0.001 -23"><span class='ocrx_word' id='word_1_82' title='bbox 590 1485 996 1569; x_wconf 85' lang='lat' dir='ltr'>Cognoscens</span> <span class='ocrx_word' id='word_1_83' title='bbox 1023 1485 1278 1571; x_wconf 88' lang='lat' dir='ltr'>Apollo,</span> <span class='ocrx_word' id='word_1_84' title='bbox 1307 1487 1430 1551; x_wconf 89' lang='lat' dir='ltr'>sibi</span> <span class='ocrx_word' id='word_1_85' title='bbox 1457 1510 1717 1552; x_wconf 88' lang='lat' dir='ltr'>corvum</span> <span class='ocrx_word' id='word_1_86' title='bbox 1739 1487 2055 1572; x_wconf 60' lang='lat' dir='ltr'>peccasse,</span> <span class='ocrx_word' id='word_1_87' title='bbox 2082 1487 2414 1571; x_wconf 88' lang='lat' dir='ltr'>prohibuit</span> <span class='ocrx_word' id='word_1_88' title='bbox 2432 1511 2584 1550; x_wconf 90' lang='lat' dir='ltr'>eum</span> 
     </span>
     <span class='ocr_line' id='line_1_12' title="bbox 587 1572 2582 1656; baseline 0.001 -22"><span class='ocrx_word' id='word_1_89' title='bbox 587 1593 665 1634; x_wconf 95' lang='lat' dir='ltr'>eo</span> <span class='ocrx_word' id='word_1_90' title='bbox 714 1582 1002 1656; x_wconf 89' lang='lat' dir='ltr'>tempore</span> <span class='ocrx_word' id='word_1_91' title='bbox 1051 1594 1285 1656; x_wconf 89' lang='lat' dir='ltr'>aquam</span> <span class='ocrx_word' id='word_1_92' title='bbox 1327 1573 1574 1650; x_wconf 89' lang='lat' dir='ltr'>bibere,</span> <span class='ocrx_word' id='word_1_93' title='bbox 1626 1583 1701 1637; x_wconf 90' lang='lat' dir='ltr'>ut</span> <span class='ocrx_word' id='word_1_94' title='bbox 1748 1572 2136 1636; x_wconf 86' lang='lat' dir='ltr'>Aristoteles</span> <span class='ocrx_word' id='word_1_95' title='bbox 2183 1572 2342 1636; x_wconf 91' lang='lat' dir='ltr'>dicit</span> <span class='ocrx_word' id='word_1_96' title='bbox 2388 1572 2457 1636; x_wconf 89' lang='lat' dir='ltr'>in</span> <span class='ocrx_word' id='word_1_97' title='bbox 2506 1596 2582 1636; x_wconf 92' lang='lat' dir='ltr'>eo</span> 
     </span>
     <span class='ocr_line' id='line_1_13' title="bbox 585 1656 2583 1735; baseline 0 -15"><span class='ocrx_word' id='word_1_98' title='bbox 585 1656 773 1735; x_wconf 82' lang='lat' dir='ltr'>libro,</span> <span class='ocrx_word' id='word_1_99' title='bbox 846 1661 914 1720; x_wconf 91' lang='lat' dir='ltr'>ui</span> <span class='ocrx_word' id='word_1_100' title='bbox 943 1656 1022 1720; x_wconf 94' lang='lat' dir='ltr'>de</span> <span class='ocrx_word' id='word_1_101' title='bbox 1055 1657 1295 1722; x_wconf 89' lang='lat' dir='ltr'>Bestiis</span> <span class='ocrx_word' id='word_1_102' title='bbox 1325 1658 1645 1723; x_wconf 85' lang='lat' dir='ltr'>scribitur.</span> <span class='ocrx_word' id='word_1_103' title='bbox 1736 1659 1829 1724; x_wconf 81' lang='lat' dir='ltr'>Et</span> <span class='ocrx_word' id='word_1_104' title='bbox 1860 1657 2146 1722; x_wconf 88' lang='lat' dir='ltr'>Isidorus</span> <span class='ocrx_word' id='word_1_105' title='bbox 2176 1657 2245 1721; x_wconf 92' lang='lat' dir='ltr'>in</span> <span class='ocrx_word' id='word_1_106' title='bbox 2275 1658 2583 1721; x_wconf 87' lang='lat' dir='ltr'>naturali-</span> 
     </span>
     <span class='ocr_line' id='line_1_14' title="bbox 585 1743 2580 1828; baseline 0.002 -22"><span class='ocrx_word' id='word_1_107' title='bbox 585 1743 728 1820; x_wconf 88' lang='lat' dir='ltr'>bus,</span> <span class='ocrx_word' id='word_1_108' title='bbox 759 1765 834 1806; x_wconf 86' lang='lat' dir='ltr'>ve</span> <span class='ocrx_word' id='word_1_109' title='bbox 887 1743 958 1806; x_wconf 91' lang='lat' dir='ltr'>in</span> <span class='ocrx_word' id='word_1_110' title='bbox 978 1743 1276 1828; x_wconf 75' lang='lat' dir='ltr'>physicis,</span> <span class='ocrx_word' id='word_1_111' title='bbox 1305 1745 1633 1808; x_wconf 87' lang='lat' dir='ltr'>memoriae</span> <span class='ocrx_word' id='word_1_112' title='bbox 1658 1744 1941 1821; x_wconf 81' lang='lat' dir='ltr'>tradidit,</span> <span class='ocrx_word' id='word_1_113' title='bbox 1973 1744 2149 1828; x_wconf 91' lang='lat' dir='ltr'>quod</span> <span class='ocrx_word' id='word_1_114' title='bbox 2175 1743 2312 1827; x_wconf 89' lang='lat' dir='ltr'>ipse</span> <span class='ocrx_word' id='word_1_115' title='bbox 2333 1745 2580 1826; x_wconf 87' lang='lat' dir='ltr'>peccati</span> 
     </span>
     <span class='ocr_line' id='line_1_15' title="bbox 586 1826 2581 1914; baseline 0 -22"><span class='ocrx_word' id='word_1_116' title='bbox 586 1850 814 1912; x_wconf 85' lang='lat' dir='ltr'>poenas</span> <span class='ocrx_word' id='word_1_117' title='bbox 845 1829 1047 1908; x_wconf 87' lang='lat' dir='ltr'>daret,</span> <span class='ocrx_word' id='word_1_118' title='bbox 1076 1829 1188 1913; x_wconf 92' lang='lat' dir='ltr'>qui</span> <span class='ocrx_word' id='word_1_119' title='bbox 1217 1840 1285 1893; x_wconf 92' lang='lat' dir='ltr'>et</span> <span class='ocrx_word' id='word_1_120' title='bbox 1313 1839 1541 1914; x_wconf 83' lang='lat' dir='ltr'>postea</span> <span class='ocrx_word' id='word_1_121' title='bbox 1570 1831 1756 1894; x_wconf 85' lang='lat' dir='ltr'>astris</span> <span class='ocrx_word' id='word_1_122' title='bbox 1784 1829 2000 1894; x_wconf 88' lang='lat' dir='ltr'>illatus</span> <span class='ocrx_word' id='word_1_123' title='bbox 2021 1839 2137 1894; x_wconf 91' lang='lat' dir='ltr'>est.</span> <span class='ocrx_word' id='word_1_124' title='bbox 2229 1826 2461 1893; x_wconf 84' lang='lat' dir='ltr'>Crater</span> <span class='ocrx_word' id='word_1_125' title='bbox 2474 1853 2581 1893; x_wconf 87' lang='lat' dir='ltr'>au·</span> 
     </span>
     <span class='ocr_line' id='line_1_16' title="bbox 587 1914 2579 2000; baseline 0.001 -24"><span class='ocrx_word' id='word_1_126' title='bbox 587 1925 720 1977; x_wconf 89' lang='lat' dir='ltr'>tem</span> <span class='ocrx_word' id='word_1_127' title='bbox 749 1914 820 1977; x_wconf 89' lang='lat' dir='ltr'>in</span> <span class='ocrx_word' id='word_1_128' title='bbox 849 1914 1060 1979; x_wconf 90' lang='lat' dir='ltr'>medio</span> <span class='ocrx_word' id='word_1_129' title='bbox 1088 1937 1298 1998; x_wconf 87' lang='lat' dir='ltr'>angue</span> <span class='ocrx_word' id='word_1_130' title='bbox 1323 1915 1573 2000; x_wconf 84' lang='lat' dir='ltr'>positus</span> <span class='ocrx_word' id='word_1_131' title='bbox 1604 1925 1740 1994; x_wconf 85' lang='lat' dir='ltr'>est3</span> <span class='ocrx_word' id='word_1_132' title='bbox 1788 1916 2057 1980; x_wconf 89' lang='lat' dir='ltr'>caudam</span> <span class='ocrx_word' id='word_1_133' title='bbox 2086 1924 2303 1978; x_wconf 88' lang='lat' dir='ltr'>autem</span> <span class='ocrx_word' id='word_1_134' title='bbox 2350 1915 2579 1997; x_wconf 85' lang='lat' dir='ltr'>anguis</span> 
     </span>
     <span class='ocr_line' id='line_1_17' title="bbox 587 1996 2579 2086; baseline -0.001 -22"><span class='ocrx_word' id='word_1_135' title='bbox 587 1996 834 2064; x_wconf 88' lang='lat' dir='ltr'>Corvus</span> <span class='ocrx_word' id='word_1_136' title='bbox 863 2023 900 2064; x_wconf 88' lang='lat' dir='ltr'>a</span> <span class='ocrx_word' id='word_1_137' title='bbox 991 2000 1111 2064; x_wconf 85' lang='lat' dir='ltr'>etit</span> <span class='ocrx_word' id='word_1_138' title='bbox 1139 2011 1366 2078; x_wconf 80' lang='lat' dir='ltr'>rostrO,</span> <span class='ocrx_word' id='word_1_139' title='bbox 1400 2022 1612 2086; x_wconf 88' lang='lat' dir='ltr'>neque</span> <span class='ocrx_word' id='word_1_140' title='bbox 1650 2010 1865 2085; x_wconf 87' lang='lat' dir='ltr'>potest</span> <span class='ocrx_word' id='word_1_141' title='bbox 1899 2005 2097 2086; x_wconf 80' lang='lat' dir='ltr'>juxta</span> <span class='ocrx_word' id='word_1_142' title='bbox 2136 2001 2457 2080; x_wconf 79' lang='lat' dir='ltr'>accedere,</span> <span class='ocrx_word' id='word_1_143' title='bbox 2502 2011 2579 2063; x_wconf 90' lang='lat' dir='ltr'>ut</span> 
     </span>
     <span class='ocr_line' id='line_1_18' title="bbox 584 2021 2579 2170; baseline 0.002 -22"><span class='ocrx_word' id='word_1_144' title='bbox 584 2085 787 2150; x_wconf 82' lang='lat' dir='ltr'>bibat.</span> <span class='ocrx_word' id='word_1_145' title='bbox 901 2021 1126 2149; x_wconf 61' lang='lat' dir='ltr'>ffabet</span> <span class='ocrx_word' id='word_1_146' title='bbox 1167 2087 1396 2170; x_wconf 84' lang='lat' dir='ltr'>anguis</span> <span class='ocrx_word' id='word_1_147' title='bbox 1433 2087 1651 2150; x_wconf 90' lang='lat' dir='ltr'>stellas</span> <span class='ocrx_word' id='word_1_148' title='bbox 1690 2087 1759 2150; x_wconf 86' lang='lat' dir='ltr'>in</span> <span class='ocrx_word' id='word_1_149' title='bbox 1806 2087 2013 2170; x_wconf 89' lang='lat' dir='ltr'>capite</span> <span class='ocrx_word' id='word_1_150' title='bbox 2054 2085 2255 2149; x_wconf 90' lang='lat' dir='ltr'>claras</span> <span class='ocrx_word' id='word_1_151' title='bbox 2306 2096 2459 2162; x_wconf 79' lang='lat' dir='ltr'>treS,</span> <span class='ocrx_word' id='word_1_152' title='bbox 2506 2086 2579 2152; x_wconf 88' lang='lat' dir='ltr'>in</span> 
     </span>
     <span class='ocr_line' id='line_1_19' title="bbox 584 2170 2581 2254; baseline 0.002 -21"><span class='ocrx_word' id='word_1_153' title='bbox 584 2171 796 2254; x_wconf 90' lang='lat' dir='ltr'>prima</span> <span class='ocrx_word' id='word_1_154' title='bbox 819 2170 1070 2235; x_wconf 85' lang='lat' dir='ltr'>flexura</span> <span class='ocrx_word' id='word_1_155' title='bbox 1097 2193 1237 2249; x_wconf 85' lang='lat' dir='ltr'>sex,</span> <span class='ocrx_word' id='word_1_156' title='bbox 1263 2183 1331 2236; x_wconf 92' lang='lat' dir='ltr'>et</span> <span class='ocrx_word' id='word_1_157' title='bbox 1347 2195 1479 2236; x_wconf 87' lang='lat' dir='ltr'>una</span> <span class='ocrx_word' id='word_1_158' title='bbox 1504 2194 1590 2236; x_wconf 85' lang='lat' dir='ltr'>ex</span> <span class='ocrx_word' id='word_1_159' title='bbox 1612 2172 1703 2236; x_wconf 85' lang='lat' dir='ltr'>eis</span> <span class='ocrx_word' id='word_1_160' title='bbox 1724 2172 1995 2236; x_wconf 89' lang='lat' dir='ltr'>obscura</span> <span class='ocrx_word' id='word_1_161' title='bbox 2022 2171 2104 2235; x_wconf 93' lang='lat' dir='ltr'>ad</span> <span class='ocrx_word' id='word_1_162' title='bbox 2133 2171 2463 2248; x_wconf 82' lang='lat' dir='ltr'>ultimum3</span> <span class='ocrx_word' id='word_1_163' title='bbox 2506 2171 2581 2237; x_wconf 82' lang='lat' dir='ltr'>in</span> 
     </span>
     <span class='ocr_line' id='line_1_20' title="bbox 584 2256 2574 2343; baseline 0 -23"><span class='ocrx_word' id='word_1_164' title='bbox 584 2256 863 2320; x_wconf 88' lang='lat' dir='ltr'>secunda</span> <span class='ocrx_word' id='word_1_165' title='bbox 890 2257 1144 2321; x_wconf 86' lang='lat' dir='ltr'>flexura</span> <span class='ocrx_word' id='word_1_166' title='bbox 1171 2267 1320 2335; x_wconf 85' lang='lat' dir='ltr'>tres,</span> <span class='ocrx_word' id='word_1_167' title='bbox 1351 2257 1418 2321; x_wconf 89' lang='lat' dir='ltr'>in</span> <span class='ocrx_word' id='word_1_168' title='bbox 1453 2258 1645 2323; x_wconf 87' lang='lat' dir='ltr'>tertia</span> <span class='ocrx_word' id='word_1_169' title='bbox 1675 2268 1975 2343; x_wconf 90' lang='lat' dir='ltr'>quatuor,</span> <span class='ocrx_word' id='word_1_170' title='bbox 2004 2257 2077 2320; x_wconf 89' lang='lat' dir='ltr'>in</span> <span class='ocrx_word' id='word_1_171' title='bbox 2124 2267 2357 2340; x_wconf 86' lang='lat' dir='ltr'>quarta</span> <span class='ocrx_word' id='word_1_172' title='bbox 2393 2257 2574 2334; x_wconf 88' lang='lat' dir='ltr'>duas,</span> 
     </span>
     <span class='ocr_line' id='line_1_21' title="bbox 583 2341 2576 2428; baseline 0.002 -25"><span class='ocrx_word' id='word_1_173' title='bbox 583 2341 654 2404; x_wconf 90' lang='lat' dir='ltr'>in</span> <span class='ocrx_word' id='word_1_174' title='bbox 727 2342 912 2407; x_wconf 87' lang='lat' dir='ltr'>uinta</span> <span class='ocrx_word' id='word_1_175' title='bbox 939 2364 1143 2428; x_wconf 89' lang='lat' dir='ltr'>usque</span> <span class='ocrx_word' id='word_1_176' title='bbox 1173 2343 1254 2407; x_wconf 89' lang='lat' dir='ltr'>ad</span> <span class='ocrx_word' id='word_1_177' title='bbox 1282 2344 1549 2408; x_wconf 87' lang='lat' dir='ltr'>caudam</span> <span class='ocrx_word' id='word_1_178' title='bbox 1598 2355 1741 2408; x_wconf 84' lang='lat' dir='ltr'>octo</span> <span class='ocrx_word' id='word_1_179' title='bbox 1786 2342 2007 2407; x_wconf 87' lang='lat' dir='ltr'>claras.</span> <span class='ocrx_word' id='word_1_180' title='bbox 2098 2341 2301 2406; x_wconf 82' lang='lat' dir='ltr'>Fiunt</span> <span class='ocrx_word' id='word_1_181' title='bbox 2354 2365 2576 2407; x_wconf 91' lang='lat' dir='ltr'>omnes</span> 
     </span>
     <span class='ocr_line' id='line_1_22' title="bbox 586 2363 2583 2513; baseline 0.002 -22"><span class='ocrx_word' id='word_1_182' title='bbox 586 2363 866 2493; x_wconf 40' lang='lat' dir='ltr'>XQVI.</span> <span class='ocrx_word' id='word_1_183' title='bbox 957 2427 1302 2492; x_wconf 88' lang='lat' dir='ltr'>Paululum</span> <span class='ocrx_word' id='word_1_184' title='bbox 1334 2430 1453 2494; x_wconf 89' lang='lat' dir='ltr'>sub</span> <span class='ocrx_word' id='word_1_185' title='bbox 1483 2429 1691 2513; x_wconf 89' lang='lat' dir='ltr'>prima</span> <span class='ocrx_word' id='word_1_186' title='bbox 1718 2430 1969 2493; x_wconf 83' lang='lat' dir='ltr'>flexura</span> <span class='ocrx_word' id='word_1_187' title='bbox 1991 2426 2221 2494; x_wconf 84' lang='lat' dir='ltr'>Crater</span> <span class='ocrx_word' id='word_1_188' title='bbox 2238 2428 2368 2492; x_wconf 89' lang='lat' dir='ltr'>sive</span> <span class='ocrx_word' id='word_1_189' title='bbox 2392 2427 2583 2494; x_wconf 80' lang='lat' dir='ltr'>Urna</span> 
     </span>
     <span class='ocr_line' id='line_1_23' title="bbox 585 2513 2575 2599; baseline 0.001 -23"><span class='ocrx_word' id='word_1_190' title='bbox 585 2513 746 2577; x_wconf 89' lang='lat' dir='ltr'>situs</span> <span class='ocrx_word' id='word_1_191' title='bbox 775 2524 894 2590; x_wconf 90' lang='lat' dir='ltr'>est,</span> <span class='ocrx_word' id='word_1_192' title='bbox 923 2513 1266 2578; x_wconf 90' lang='lat' dir='ltr'>inclinatus</span> <span class='ocrx_word' id='word_1_193' title='bbox 1286 2516 1367 2580; x_wconf 91' lang='lat' dir='ltr'>ad</span> <span class='ocrx_word' id='word_1_194' title='bbox 1387 2538 1601 2599; x_wconf 86' lang='lat' dir='ltr'>genua</span> <span class='ocrx_word' id='word_1_195' title='bbox 1620 2514 1929 2598; x_wconf 78' lang='lat' dir='ltr'>Virginis·</span> <span class='ocrx_word' id='word_1_196' title='bbox 2024 2513 2248 2578; x_wconf 85' lang='lat' dir='ltr'>Habet</span> <span class='ocrx_word' id='word_1_197' title='bbox 2268 2514 2483 2578; x_wconf 87' lang='lat' dir='ltr'>stellas</span> <span class='ocrx_word' id='word_1_198' title='bbox 2502 2514 2575 2578; x_wconf 92' lang='lat' dir='ltr'>in</span> 
     </span>
     <span class='ocr_line' id='line_1_24' title="bbox 583 2598 2575 2686; baseline 0.001 -24"><span class='ocrx_word' id='word_1_199' title='bbox 583 2598 780 2664; x_wconf 89' lang='lat' dir='ltr'>labris</span> <span class='ocrx_word' id='word_1_200' title='bbox 827 2600 1122 2664; x_wconf 86' lang='lat' dir='ltr'>abscuras</span> <span class='ocrx_word' id='word_1_201' title='bbox 1169 2600 1348 2676; x_wconf 88' lang='lat' dir='ltr'>duas,</span> <span class='ocrx_word' id='word_1_202' title='bbox 1398 2623 1515 2686; x_wconf 89' lang='lat' dir='ltr'>per</span> <span class='ocrx_word' id='word_1_203' title='bbox 1561 2601 1815 2684; x_wconf 82' lang='lat' dir='ltr'>singula</span> <span class='ocrx_word' id='word_1_204' title='bbox 1858 2601 2062 2665; x_wconf 90' lang='lat' dir='ltr'>latera</span> <span class='ocrx_word' id='word_1_205' title='bbox 2092 2612 2243 2678; x_wconf 79' lang='lat' dir='ltr'>treS,</span> <span class='ocrx_word' id='word_1_206' title='bbox 2274 2599 2343 2662; x_wconf 89' lang='lat' dir='ltr'>in</span> <span class='ocrx_word' id='word_1_207' title='bbox 2370 2599 2575 2664; x_wconf 85' lang='lat' dir='ltr'>fundo</span> 
     </span>
     <span class='ocr_line' id='line_1_25' title="bbox 585 2684 2589 2771; baseline -0 -22"><span class='ocrx_word' id='word_1_208' title='bbox 585 2685 762 2750; x_wconf 89' lang='lat' dir='ltr'>duas.</span> <span class='ocrx_word' id='word_1_209' title='bbox 854 2685 1022 2748; x_wconf 86' lang='lat' dir='ltr'>Sunt</span> <span class='ocrx_word' id='word_1_210' title='bbox 1047 2707 1266 2750; x_wconf 89' lang='lat' dir='ltr'>omnes</span> <span class='ocrx_word' id='word_1_211' title='bbox 1295 2684 1391 2752; x_wconf 86' lang='lat' dir='ltr'>X.</span> <span class='ocrx_word' id='word_1_212' title='bbox 1481 2686 1726 2751; x_wconf 88' lang='lat' dir='ltr'>Corvus</span> <span class='ocrx_word' id='word_1_213' title='bbox 1756 2697 1998 2764; x_wconf 89' lang='lat' dir='ltr'>autem,</span> <span class='ocrx_word' id='word_1_214' title='bbox 2032 2686 2145 2771; x_wconf 88' lang='lat' dir='ltr'>qui</span> <span class='ocrx_word' id='word_1_215' title='bbox 2184 2695 2283 2750; x_wconf 89' lang='lat' dir='ltr'>est</span> <span class='ocrx_word' id='word_1_216' title='bbox 2312 2686 2391 2750; x_wconf 91' lang='lat' dir='ltr'>ad</span> <span class='ocrx_word' id='word_1_217' title='bbox 2422 2686 2589 2749; x_wconf 34' lang='lat' dir='ltr'>ulti-r</span> 
     </span>
     <span class='ocr_line' id='line_1_26' title="bbox 583 2770 2577 2856; baseline -0.001 -22"><span class='ocrx_word' id='word_1_218' title='bbox 583 2791 754 2835; x_wconf 87' lang='lat' dir='ltr'>mam</span> <span class='ocrx_word' id='word_1_219' title='bbox 785 2772 922 2856; x_wconf 89' lang='lat' dir='ltr'>ejus</span> <span class='ocrx_word' id='word_1_220' title='bbox 951 2771 1239 2847; x_wconf 88' lang='lat' dir='ltr'>caudam,</span> <span class='ocrx_word' id='word_1_221' title='bbox 1283 2783 1575 2856; x_wconf 87' lang='lat' dir='ltr'>spectans</span> <span class='ocrx_word' id='word_1_222' title='bbox 1613 2773 1695 2836; x_wconf 91' lang='lat' dir='ltr'>ad</span> <span class='ocrx_word' id='word_1_223' title='bbox 1743 2794 2057 2850; x_wconf 89' lang='lat' dir='ltr'>occasum,</span> <span class='ocrx_word' id='word_1_224' title='bbox 2100 2771 2296 2838; x_wconf 88' lang='lat' dir='ltr'>habet</span> <span class='ocrx_word' id='word_1_225' title='bbox 2338 2770 2577 2854; x_wconf 85' lang='lat' dir='ltr'>stellas,</span> 
     </span>
     <span class='ocr_line' id='line_1_27' title="bbox 583 2855 2584 2941; baseline 0 -23"><span class='ocrx_word' id='word_1_226' title='bbox 583 2857 651 2918; x_wconf 90' lang='lat' dir='ltr'>in</span> <span class='ocrx_word' id='word_1_227' title='bbox 677 2857 884 2941; x_wconf 89' lang='lat' dir='ltr'>capite</span> <span class='ocrx_word' id='word_1_228' title='bbox 914 2855 1147 2920; x_wconf 86' lang='lat' dir='ltr'>claram</span> <span class='ocrx_word' id='word_1_229' title='bbox 1174 2879 1389 2935; x_wconf 88' lang='lat' dir='ltr'>unam,</span> <span class='ocrx_word' id='word_1_230' title='bbox 1421 2859 1490 2921; x_wconf 90' lang='lat' dir='ltr'>in</span> <span class='ocrx_word' id='word_1_231' title='bbox 1521 2858 1623 2923; x_wconf 89' lang='lat' dir='ltr'>ala</span> <span class='ocrx_word' id='word_1_232' title='bbox 1648 2858 1827 2935; x_wconf 91' lang='lat' dir='ltr'>duas,</span> <span class='ocrx_word' id='word_1_233' title='bbox 1858 2858 1926 2920; x_wconf 89' lang='lat' dir='ltr'>in</span> <span class='ocrx_word' id='word_1_234' title='bbox 1956 2858 2159 2922; x_wconf 89' lang='lat' dir='ltr'>cauda</span> <span class='ocrx_word' id='word_1_235' title='bbox 2188 2869 2341 2936; x_wconf 89' lang='lat' dir='ltr'>tres,</span> <span class='ocrx_word' id='word_1_236' title='bbox 2368 2856 2437 2920; x_wconf 86' lang='lat' dir='ltr'>in</span> <span class='ocrx_word' id='word_1_237' title='bbox 2468 2879 2584 2940; x_wconf 86' lang='lat' dir='ltr'>pe-</span> 
     </span>
     <span class='ocr_line' id='line_1_28' title="bbox 583 2941 2581 3028; baseline -0.001 -22"><span class='ocrx_word' id='word_1_238' title='bbox 583 2942 771 3006; x_wconf 92' lang='lat' dir='ltr'>dibus</span> <span class='ocrx_word' id='word_1_239' title='bbox 801 2943 1082 3026; x_wconf 77' lang='lat' dir='ltr'>singulas</span> <span class='ocrx_word' id='word_1_240' title='bbox 1112 2943 1194 3006; x_wconf 90' lang='lat' dir='ltr'>ab</span> <span class='ocrx_word' id='word_1_241' title='bbox 1226 2944 1575 3028; x_wconf 84' lang='lat' dir='ltr'>unguibus.</span> <span class='ocrx_word' id='word_1_242' title='bbox 1670 2944 1842 3008; x_wconf 90' lang='lat' dir='ltr'>Sunt</span> <span class='ocrx_word' id='word_1_243' title='bbox 1866 2964 2087 3008; x_wconf 89' lang='lat' dir='ltr'>omnes</span> <span class='ocrx_word' id='word_1_244' title='bbox 2104 2965 2244 3007; x_wconf 86' lang='lat' dir='ltr'>sex.</span> <span class='ocrx_word' id='word_1_245' title='bbox 2337 2941 2581 3006; x_wconf 87' lang='lat' dir='ltr'>Omnes</span> 
     </span>
    </p>
   </div>
   <div class='ocr_carea' id='block_1_3' title="bbox 584 3026 1275 3094">
    <p class='ocr_par' dir='ltr' id='par_1_3' title="bbox 584 3026 1275 3094">
     <span class='ocr_line' id='line_1_29' title="bbox 584 3026 1275 3094; baseline 0.003 -3"><span class='ocrx_word' id='word_1_246' title='bbox 584 3027 775 3092; x_wconf 86' lang='lat' dir='ltr'>simul</span> <span class='ocrx_word' id='word_1_247' title='bbox 800 3029 970 3093; x_wconf 89' lang='lat' dir='ltr'>fiunt</span> <span class='ocrx_word' id='word_1_248' title='bbox 1000 3026 1275 3094; x_wconf 91' lang='lat' dir='ltr'>XLIII.</span> 
     </span>
    </p>
   </div>
   <div class='ocr_carea' id='block_1_4' title="bbox 732 3387 2437 3564">
    <p class='ocr_par' dir='ltr' id='par_1_4' title="bbox 732 3387 2437 3564">
     <span class='ocr_line' id='line_1_30' title="bbox 732 3387 2437 3456; baseline -0.001 -2"><span class='ocrx_word' id='word_1_249' title='bbox 732 3388 821 3454; x_wconf 90' lang='lat' dir='ltr'>V.</span> <span class='ocrx_word' id='word_1_250' title='bbox 871 3389 1286 3454; x_wconf 91' lang='lat' dir='ltr'>SCHOLIA</span> <span class='ocrx_word' id='word_1_251' title='bbox 1319 3388 1537 3454; x_wconf 91' lang='lat' dir='ltr'>SIVE</span> <span class='ocrx_word' id='word_1_252' title='bbox 1572 3387 2297 3456; x_wconf 81' lang='lat' dir='ltr'>COMMENTARIA</span> <span class='ocrx_word' id='word_1_253' title='bbox 2329 3387 2437 3452; x_wconf 91' lang='lat' dir='ltr'>IN</span> 
     </span>
     <span class='ocr_line' id='line_1_31' title="bbox 1015 3497 2140 3564; baseline 0 0"><span class='ocrx_word' id='word_1_254' title='bbox 1015 3497 1691 3564; x_wconf 87' lang='lat' dir='ltr'>PROGNOSTICA</span> <span class='ocrx_word' id='word_1_255' title='bbox 1723 3497 2140 3564; x_wconf 87' lang='lat' dir='ltr'>ARATEA.</span> 
     </span>
    </p>
   </div>
   <div class='ocr_carea' id='block_1_5' title="bbox 579 3632 2585 4143">
    <p class='ocr_par' dir='ltr' id='par_1_5' title="bbox 579 3632 2585 4143">
     <span class='ocr_line' id='line_1_32' title="bbox 585 3632 2579 3720; baseline -0.002 -19"><span class='ocrx_word' id='word_1_256' title='bbox 585 3635 824 3701; x_wconf 77' lang='lat' dir='ltr'>SoLEM</span> <span class='ocrx_word' id='word_1_257' title='bbox 869 3658 987 3720; x_wconf 90' lang='lat' dir='ltr'>per</span> <span class='ocrx_word' id='word_1_258' title='bbox 1033 3635 1312 3720; x_wconf 90' lang='lat' dir='ltr'>seipsum</span> <span class='ocrx_word' id='word_1_259' title='bbox 1359 3646 1611 3700; x_wconf 87' lang='lat' dir='ltr'>constat</span> <span class='ocrx_word' id='word_1_260' title='bbox 1660 3635 1921 3714; x_wconf 88' lang='lat' dir='ltr'>moveri,</span> <span class='ocrx_word' id='word_1_261' title='bbox 1965 3658 2096 3698; x_wconf 90' lang='lat' dir='ltr'>non</span> <span class='ocrx_word' id='word_1_262' title='bbox 2142 3651 2290 3699; x_wconf 85' lang='lat' dir='ltr'>cum</span> <span class='ocrx_word' id='word_1_263' title='bbox 2336 3632 2579 3697; x_wconf 89' lang='lat' dir='ltr'>mundo</span> 
     </span>
     <span class='ocr_line' id='line_1_33' title="bbox 579 3721 2577 3805; baseline -0.002 -18"><span class='ocrx_word' id='word_1_264' title='bbox 579 3723 764 3800; x_wconf 85' lang='lat' dir='ltr'>verti,</span> <span class='ocrx_word' id='word_1_265' title='bbox 796 3723 908 3786; x_wconf 89' lang='lat' dir='ltr'>sed</span> <span class='ocrx_word' id='word_1_266' title='bbox 930 3722 1000 3785; x_wconf 91' lang='lat' dir='ltr'>in</span> <span class='ocrx_word' id='word_1_267' title='bbox 1023 3722 1267 3785; x_wconf 87' lang='lat' dir='ltr'>zodiaci</span> <span class='ocrx_word' id='word_1_268' title='bbox 1286 3721 1501 3785; x_wconf 87' lang='lat' dir='ltr'>circuli</span> <span class='ocrx_word' id='word_1_269' title='bbox 1531 3722 1913 3805; x_wconf 86' lang='lat' dir='ltr'>obliquitate</span> <span class='ocrx_word' id='word_1_270' title='bbox 1937 3743 2193 3785; x_wconf 89' lang='lat' dir='ltr'>cursum</span> <span class='ocrx_word' id='word_1_271' title='bbox 2215 3742 2577 3804; x_wconf 87' lang='lat' dir='ltr'>peragrare,</span> 
     </span>
     <span class='ocr_line' id='line_1_34' title="bbox 579 3805 2585 3893; baseline -0.002 -21"><span class='ocrx_word' id='word_1_272' title='bbox 579 3808 777 3893; x_wconf 86' lang='lat' dir='ltr'>paulo</span> <span class='ocrx_word' id='word_1_273' title='bbox 807 3808 1101 3892; x_wconf 87' lang='lat' dir='ltr'>superius</span> <span class='ocrx_word' id='word_1_274' title='bbox 1135 3807 1452 3884; x_wconf 84' lang='lat' dir='ltr'>diximus3</span> <span class='ocrx_word' id='word_1_275' title='bbox 1502 3807 1614 3892; x_wconf 90' lang='lat' dir='ltr'>qui</span> <span class='ocrx_word' id='word_1_276' title='bbox 1644 3829 1788 3871; x_wconf 91' lang='lat' dir='ltr'>cum</span> <span class='ocrx_word' id='word_1_277' title='bbox 1806 3829 1923 3891; x_wconf 88' lang='lat' dir='ltr'>per</span> <span class='ocrx_word' id='word_1_278' title='bbox 1943 3817 2262 3871; x_wconf 88' lang='lat' dir='ltr'>trecentos</span> <span class='ocrx_word' id='word_1_279' title='bbox 2280 3805 2585 3888; x_wconf 84' lang='lat' dir='ltr'>sexagin-</span> 
     </span>
     <span class='ocr_line' id='line_1_35' title="bbox 582 3890 2580 3978; baseline -0.003 -20"><span class='ocrx_word' id='word_1_280' title='bbox 582 3905 650 3958; x_wconf 89' lang='lat' dir='ltr'>ta</span> <span class='ocrx_word' id='word_1_281' title='bbox 672 3895 958 3978; x_wconf 87' lang='lat' dir='ltr'>quinque</span> <span class='ocrx_word' id='word_1_282' title='bbox 990 3893 1144 3969; x_wconf 83' lang='lat' dir='ltr'>dies,</span> <span class='ocrx_word' id='word_1_283' title='bbox 1177 3903 1244 3956; x_wconf 93' lang='lat' dir='ltr'>et</span> <span class='ocrx_word' id='word_1_284' title='bbox 1275 3894 1696 3977; x_wconf 86' lang='lat' dir='ltr'>quadrantem</span> <span class='ocrx_word' id='word_1_285' title='bbox 1721 3893 2055 3957; x_wconf 88' lang='lat' dir='ltr'>zodiacum</span> <span class='ocrx_word' id='word_1_286' title='bbox 2076 3892 2327 3970; x_wconf 87' lang='lat' dir='ltr'>lustret,</span> <span class='ocrx_word' id='word_1_287' title='bbox 2360 3901 2427 3955; x_wconf 93' lang='lat' dir='ltr'>et</span> <span class='ocrx_word' id='word_1_288' title='bbox 2448 3890 2580 3954; x_wconf 90' lang='lat' dir='ltr'>sin-</span> 
     </span>
     <span class='ocr_line' id='line_1_36' title="bbox 579 3977 2579 4063; baseline -0.002 -20"><span class='ocrx_word' id='word_1_289' title='bbox 579 3980 730 4063; x_wconf 88' lang='lat' dir='ltr'>gula</span> <span class='ocrx_word' id='word_1_290' title='bbox 774 3980 1032 4044; x_wconf 83' lang='lat' dir='ltr'>tricenis</span> <span class='ocrx_word' id='word_1_291' title='bbox 1079 3979 1303 4043; x_wconf 89' lang='lat' dir='ltr'>diebus</span> <span class='ocrx_word' id='word_1_292' title='bbox 1354 3979 1663 4063; x_wconf 90' lang='lat' dir='ltr'>denisque</span> <span class='ocrx_word' id='word_1_293' title='bbox 1710 3978 1883 4043; x_wconf 86' lang='lat' dir='ltr'>horis</span> <span class='ocrx_word' id='word_1_294' title='bbox 1923 4001 1995 4043; x_wconf 91' lang='lat' dir='ltr'>ac</span> <span class='ocrx_word' id='word_1_295' title='bbox 2034 3978 2315 4054; x_wconf 90' lang='lat' dir='ltr'>semisse,</span> <span class='ocrx_word' id='word_1_296' title='bbox 2367 3977 2435 4040; x_wconf 90' lang='lat' dir='ltr'>id</span> <span class='ocrx_word' id='word_1_297' title='bbox 2476 3986 2579 4040; x_wconf 87' lang='lat' dir='ltr'>est</span> 
     </span>
     <span class='ocr_line' id='line_1_37' title="bbox 581 4063 2577 4143; baseline -0.001 -15"><span class='ocrx_word' id='word_1_298' title='bbox 581 4065 842 4128; x_wconf 88' lang='lat' dir='ltr'>dimidia</span> <span class='ocrx_word' id='word_1_299' title='bbox 855 4065 1032 4143; x_wconf 89' lang='lat' dir='ltr'>hora,</span> <span class='ocrx_word' id='word_1_300' title='bbox 1046 4073 1436 4130; x_wconf 83' lang='lat' dir='ltr'>transcurrat</span> <span class='ocrx_word' id='word_1_301' title='bbox 1451 4065 1847 4130; x_wconf 86' lang='lat' dir='ltr'>incremento</span> <span class='ocrx_word' id='word_1_302' title='bbox 1860 4063 2265 4130; x_wconf 85' lang='lat' dir='ltr'>dimidiarum</span> <span class='ocrx_word' id='word_1_303' title='bbox 2271 4063 2577 4128; x_wconf 89' lang='lat' dir='ltr'>horarum</span> 
     </span>
    </p>
   </div>
   <div class='ocr_carea' id='block_1_6' title="bbox 2959 439 2969 1306">
    <p class='ocr_par' dir='ltr' id='par_1_6' title="bbox 2959 439 2969 1306">
     <span class='ocr_line' id='line_1_38' title="bbox 2959 439 2969 1306; baseline 0 0"><span class='ocrx_word' id='word_1_304' title='bbox 2959 439 2969 1306; x_wconf 95' lang='lat' dir='ltr'> </span> 
     </span>
    </p>
   </div>
   <div class='ocr_carea' id='block_1_7' title="bbox 2956 439 2972 1912">
    <p class='ocr_par' dir='ltr' id='par_1_7' title="bbox 2956 439 2972 1912">
     <span class='ocr_line' id='line_1_39' title="bbox 2956 439 2972 1912; baseline 0 0"><span class='ocrx_word' id='word_1_305' title='bbox 2956 439 2972 1912; x_wconf 95' lang='lat' dir='ltr'> </span> 
     </span>
    </p>
   </div>
   <div class='ocr_carea' id='block_1_8' title="bbox 2959 2051 2967 2790">
    <p class='ocr_par' dir='ltr' id='par_1_8' title="bbox 2959 2051 2967 2790">
     <span class='ocr_line' id='line_1_40' title="bbox 2959 2051 2967 2790; baseline 0 0"><span class='ocrx_word' id='word_1_306' title='bbox 2959 2051 2967 2790; x_wconf 95' lang='lat' dir='ltr'> </span> 
     </span>
    </p>
   </div>
  </div>
 </body>
</html>
