2992 4842
1018 569 1092 605 At>
1116 567 1472 605 pannonum
1496 568 1730 603 annm.
2310 551 2379 604 xli

380 694 684 756 Subvenitur,
703 695 828 745 subit
843 693 1028 744 occidui
1047 698 1115 744 sic
1129 695 1381 744 marmoris
1396 696 1567 742 undas.
1620 696 1748 742 Vera
1768 693 1915 757 igitur
1938 693 2043 742 haec
2062 692 2207 742 lectio
2224 700 2275 742 et
2294 708 2381 742 suo

378 761 488 809 loco
509 762 735 824 reposita.
804 760 1126 808 Gna—SCH.

447 829 560 874 344.
593 826 659 874 At
680 825 798 888 qua]
822 826 942 873 Tres
962 826 1016 872 hi
1039 840 1205 872 versus
1225 825 1402 872 iterum
1425 839 1452 870 e
1478 823 1586 870 MS.
1656 824 1979 872 GR.—SCH.

447 893 560 939 345.
597 891 816 953 Fulqent,
840 888 948 947 ism]
971 890 1066 936 Hic
1090 904 1258 936 versus
1277 896 1577 936 memoratur
1600 904 1629 935 a
1651 888 1900 936 Prisciano
1914 889 2020 936 libr.
2045 887 2167 936 VII.
2192 901 2239 950 p.
2263 887 2375 935 262.

349 970 354 975 ·
381 955 574 1017 Arqoae]
599 959 728 1017 Argo
753 955 890 1003 navis
913 955 1070 1018 prima
1091 953 1143 1001 in
1167 954 1370 1001 saltibus
1394 953 1520 1001 Pelii
1544 954 1724 999 montis
1745 960 1975 1001 extructa.
2024 953 2301 1000 Priscianus
2318 953 2379 1000 de

381 1021 552 1066 metris
575 1021 760 1067 Comic.
783 1035 893 1082 pag.
920 1018 1030 1069 887.
1099 1019 1326 1080 Euripid.
1349 1019 1400 1065 in
1425 1018 1603 1064 Medea
1624 1017 1827 1080 princip.
1861 1018 1967 1065 add.
1993 1017 2214 1066 Maneth.
2239 1017 2375 1079 Apo-

382 1084 572 1131 telesm.
595 1085 679 1132 lib.
706 1085 778 1131 II.
804 1100 848 1131 v.
875 1086 981 1140 104,
1010 1085 1117 1130 105.
1201 1083 1426 1130 Catullus
1468 1082 1684 1144 Epithal.
1719 1082 1913 1130 Thetid.
1946 1082 2051 1130 init.
2091 1082 2169 1129 Ex
2208 1082 2375 1129 arbore

384 1149 543 1197 Eone.
579 1149 707 1197 Plin.
731 1148 890 1196 XIII.
915 1164 958 1195 c.
984 1150 1062 1195 22.
1116 1146 1263 1194 Dicta
1286 1148 1380 1194 fuit
1401 1148 1461 1194 ab
1492 1153 1675 1202 autore,
1711 1147 1794 1208 qui
1832 1147 1997 1207 Argus
2028 1153 2227 1194 vocatus
2264 1147 2375 1203 fuit,

383 1214 1222 1339 'ii'esstssuiiassiffissgiffi‘a’ffi‘
1238 1213 1467 1324 fimi?
1503 1211 1567 1323 ⁶1²2
1601 1211 2378 1338 {liffisshssssifffieffi’cluii

383 1357 547 1391 carum
577 1345 797 1391 Tritonia
818 1341 1005 1389 devolat
1028 1341 1220 1404 Aryum.
1274 1341 1450 1389 Moh'ri
1487 1339 1612 1387 hunc
1640 1345 1841 1402 puppim
1864 1341 2018 1404 jubet,
2058 1347 2103 1388 et
2135 1339 2376 1388 demittere

369 1408 511 1466 ferro
537 1407 762 1456 Robora:
793 1405 1014 1454 Peliacas
1047 1412 1091 1453 et
1117 1407 1228 1468 jam
1257 1421 1405 1452 comes
1440 1409 1537 1452 exit
1568 1409 1618 1452 in
1647 1405 1848 1455 umbras.
1916 1405 2152 1452 Phaedrus
2174 1404 2259 1453 lib.
2287 1405 2378 1453 lv.

383 1471 476 1518 fab.
503 1471 551 1529 6,
572 1487 617 1519 v,
637 1473 681 1529 6,
704 1474 751 1520 9.
828 1470 1023 1518 Utinam
1046 1486 1131 1518 nec
1151 1485 1361 1532 unquam
1381 1469 1511 1517 Pelii
1532 1473 1735 1517 nenaeoris
1754 1471 1877 1532 juqo
1900 1469 2203 1518 Fabriciisset
2224 1469 2377 1532 Aryus

386 1551 520 1597 opere
542 1535 768 1584 Palladio
789 1541 956 1583 ratem.
1021 1535 1146 1582 Vide
1183 1535 1245 1581 ad
1283 1536 1414 1582 hunc
1446 1536 1607 1582 locum
1642 1542 1779 1582 notas
1812 1535 2043 1582 Schefferi
2074 1549 2182 1596 pag.
2211 1535 2305 1581 215
2330 1541 2380 1582 et

387 1599 706 1648 Rittershusii
723 1616 769 1663 p.
796 1616 862 1648 m.
883 1600 996 1651 372.
1019 1599 1160 1647 Adde
1186 1600 1529 1662 Apollodorum
1556 1599 1785 1647 Biblioth.
1812 1600 1855 1646 Ι.
1878 1615 1983 1662 cap.
2006 1602 2052 1657 9,
2075 1601 2098 1658 ξ
2127 1599 2201 1655 16,
2225 1614 2271 1661 p.
2296 1600 2378 1648 49.

386 1665 520 1712 Adde
555 1666 633 1713 his
669 1666 858 1712 tertiam
890 1664 1261 1726 originationem
1301 1664 1550 1712 Ciceronis
1587 1664 1670 1710 lib.
1712 1664 1755 1712 Ι.
1792 1665 1939 1712 Tusc.
1979 1679 2020 1712 c.
2055 1665 2133 1723 20,
2172 1664 2257 1711 sed
2292 1670 2379 1711 aut

389 1729 640 1777 Ciceronis
661 1731 898 1778 memoria
915 1729 1175 1786 vacillavit,
1197 1737 1282 1776 aut
1304 1729 1440 1775 locus
1463 1736 1536 1775 est
1558 1735 1825 1791 corruptus.
1864 1729 1989 1776 Vide
2010 1737 2147 1776 notas
2170 1728 2378 1778 Davisii.

388 1796 602 1856 Longam
638 1796 788 1842 fuisse
824 1795 951 1842 hanc
987 1809 1176 1850 navem,
1218 1794 1347 1856 quod
1371 1793 1564 1840 Plinius
1585 1793 1709 1841 VII.
1733 1808 1773 1841 c.
1804 1794 1866 1841 56
1904 1793 2137 1840 Jasonem
2159 1794 2375 1855 primum

385 1857 534 1920 longa
558 1875 678 1906 nave
697 1859 968 1921 navigasse,
993 1858 1372 1920 Philostephano
1395 1867 1575 1914 autore,
1601 1858 1805 1919 scripsit,
1824 1865 1874 1905 et
1891 1874 1976 1920 per
1992 1858 2188 1920 longam
2204 1873 2381 1906 navem

385 1921 588 1986 μονήρη
632 1925 1018 1986 intelligendam,
1057 1923 1329 1985 suspicatur
1366 1923 1515 1970 simul
1558 1930 1608 1971 et
1652 1923 1841 1970 dubitat
1885 1923 2182 1970 Harduinus.
2272 1923 2375 1971 Res

386 1989 583 2049 quidem
602 1989 786 2036 incerta
807 1988 1109 2036 est.—SCH.
1241 1987 1414 2050 Fulyet
1430 1993 1476 2034 et
1502 1987 1739 2035 B.—-0R.

450 2053 562 2102 347.
607 2052 672 2100 Ut
685 2051 922 2114 cum,dsc.]
949 2051 1084 2100 Male
1097 2052 1310 2114 vulgati:
1345 2059 1396 2098 at
1413 2067 1535 2100 cum.
1599 2052 1757 2100 Versu
1781 2051 1955 2099 abhinc
1968 2057 2136 2114 quarto
2160 2050 2268 2099 MS.
2290 2067 2378 2114 pro

388 2119 499 2180 quia
520 2133 614 2180 qua
637 2118 794 2166 habet.
851 2118 960 2178 Ego
978 2117 1067 2164 hos
1084 2132 1253 2164 omnes
1267 2117 1335 2164 ita
1350 2125 1468 2179 puto
1490 2117 1721 2177 legendos
1742 2123 1791 2164 et
1810 2116 2178 2178 intelligendos:
2208 2116 2377 2179 Puppe

385 2185 557 2229 etenim
591 2182 814 2241 trahitur,
848 2197 945 2228 non
976 2188 1101 2229 recto
1139 2181 1289 2230 libera
1323 2197 1479 2239 cursu,
1529 2181 1595 2229 Ut
1634 2197 1738 2228 cum
1775 2181 2021 2228 decurrens
2058 2181 2237 2229 inhibet
2265 2183 2378 2244 jam

383 2250 551 2293 navita
571 2263 740 2306 remos,
764 2250 1084 2308 Aversumque
1104 2253 1254 2294 ratem
1275 2250 1395 2294 votis
1415 2247 1665 2294 damnatus
1678 2246 1743 2293 ad
1760 2261 1895 2293 oram
1910 2245 2143 2308 Perliqat,
2165 2252 2379 2308 optatam

385 2315 576 2372 cupiens
607 2316 874 2374 continqere
913 2317 1104 2358 terram.
1173 2311 1270 2357 Seu
1293 2313 1406 2374 quia
1421 2327 1539 2372 pars
1561 2313 1739 2359 violata
1764 2313 1887 2372 fuit.
1910 2314 2109 2359 eoeuntia
2131 2327 2250 2358 saxa
2271 2312 2377 2360 Nu-

385 2378 509 2422 mine
527 2377 735 2424 Junonis
759 2382 886 2424 tutus
903 2377 1150 2438 cumfuyit
1167 2375 1337 2423 Jason.
1405 2375 1545 2423 Duas
1566 2377 1781 2438 assignat
1802 2376 2029 2436 rationes,
2062 2391 2149 2424 cur
2181 2377 2315 2438 Argo
2350 2392 2380 2424 a

385 2441 538 2502 puppi
570 2442 752 2488 oriatur
787 2448 835 2489 et
870 2456 1010 2503 prora
1042 2447 1218 2488 careat.
1282 2440 1503 2488 Priorem
1526 2457 1587 2490 ex
1608 2440 1777 2499 Arato,
1804 2441 1931 2503 quod
1954 2447 2115 2488 nautae
2135 2441 2377 2504 appellere

385 2506 872 2632 2¹1¹3³32¹2²⁶⁸ai¹13v⁵¹<¹1¹2t⁰
876 2511 1358 2631 ⁰31V52‘152n2’a2‘1251‘3'
1364 2520 1426 2616 οἱ
1439 2506 1706 2618 ¹2¹²3‘3nz·
1730 2502 2223 2618 335303'35‘⁶“:‘33
2240 2506 2380 2618 3³11}

586 2589 598 2617 ε
722 2605 734 2627 ,
1988 2602 2002 2627 ,
2076 2588 2105 2618 ιι

385 2638 588 2683 Aratum
609 2635 838 2683 diximus.
903 2635 1118 2682 Alteram
1136 2634 1363 2683 omnibus
1381 2586 1727 2697 mgtiiologicig
1742 2636 1995 2692 intactam,
2012 2587 2141 2697 qiiod
2154 2634 2381 2682 videlicet

381 2713 522 2760 prora
540 2700 667 2747 inter
685 2715 832 2762 rupes
851 2699 998 2746 fuerit
1017 2698 1200 2756 collisa,
1224 2699 1303 2746 vix
1321 2699 1585 2761 effugiente
1605 2700 1878 2762 periculum
1897 2699 1928 2746 J
1930 2715 2091 2747 asone.
2146 2700 2380 2748 Meminit

382 2763 436 2810 in
470 2763 818 2826 Argonauticis
861 2764 1100 2826 Orpheus,
1139 2770 1223 2810 aut
1260 2765 1481 2843 quisquis
1522 2764 1605 2811 ille
1642 2764 1767 2812 alius
1787 2784 1797 2820 ς
1834 2765 1963 2826 apud
1995 2779 2140 2826 quem
2180 2764 2380 2812 fatidica

384 2829 522 2875 navis
555 2829 626 2876 ita
659 2828 899 2891 loquitur:
950 2825 1038 2875 ’οι
1065 2844 1157 2906 μοι
1195 2825 1343 2891 ἐγων,
1380 2826 1568 2890 ὄφελόν
1603 2845 1663 2892 με
1704 2825 2124 2894 διαῤῥαισθεῖσαν
2146 2826 2375 2878 ὀλέσθαι.

386 2894 427 2938 Κ
441 2891 646 2950 υανέαις
668 2893 942 2958 πετραῖσιν
963 2890 1019 2938 ἐν
1042 2891 1228 2954 αξείνῳ
1251 2909 1304 2941 rs
1341 2890 1577 2940 κλύδωνι.
1647 2894 1749 2941 Gn.
1814 2892 2106 2955 Decurrens]
2133 2893 2329 2940 Scilicet
2349 2909 2377 2942 e

382 2957 509 3004 mari
547 2959 608 3006 ad
646 2965 838 3006 terram.
912 2956 1119 3019 Inhibet]
1161 2958 1212 3005 id
1249 2965 1338 3015 est,
1380 2968 1575 3006 strenue
1621 2958 1788 3018 agitat,
1825 2974 2000 3006 navem
2040 2973 2377 3006 conversurus.

385 3022 556 3070 Cicero
589 3022 748 3070 XIII.
785 3023 923 3086 epist.
958 3022 1018 3069 ad
1056 3021 1209 3070 Attio.
1247 3024 1326 3070 21.
1393 3021 1623 3070 Inhibere
1643 3022 1769 3070 illud
1787 3029 1937 3082 tuum,
1959 3023 2084 3086 quod
2102 3023 2238 3070 valde
2258 3024 2378 3071 mihi

383 3090 632 3144 arriserat,
668 3088 957 3135 vehementer
977 3086 1205 3148 displicet.
1271 3086 1365 3134 Est
1383 3090 1513 3135 enim
1532 3086 1722 3135 verbum
1744 3093 1891 3135 totum
1910 3091 2154 3135 nauticum
2170 3104 2188 3135 .·
2222 3103 2376 3151 quan-

384 3165 527 3211 quam
546 3153 600 3199 id
619 3153 805 3215 quidem
821 3149 1035 3204 sciebam,
1057 3152 1138 3199 sed
1156 3151 1429 3200 arbitrabar
1446 3155 1670 3199 sustineri
1688 3168 1853 3210 remos,
1874 3168 1981 3199 cum
2001 3152 2209 3200 inhibere
2230 3160 2380 3201 essent

383 3219 580 3276 remiqes
591 3217 722 3279 jussi
740 3233 756 3263 .·
786 3215 840 3263 id
859 3231 956 3263 non
974 3230 1069 3262 esse
1097 3216 1346 3277 ejusmodi,
1386 3217 1537 3264 didici
1571 3215 1693 3272 heri,
1730 3233 1872 3280 quum
1893 3217 1959 3264 ad
1977 3217 2143 3264 villam
2162 3223 2378 3266 nostram

381 3283 520 3327 navis
538 3282 870 3344 appelleretur.
933 3281 1048 3328 Non
1070 3284 1196 3328 enim
1215 3283 1449 3328 susti-nent
1467 3297 1531 3340 se,
1554 3282 1635 3328 sed
1649 3283 1746 3329 alio
1767 3282 1903 3329 modo
1921 3285 2167 3344 remiqant.
2232 3281 2297 3329 Icl
2316 3282 2377 3330 ab

383 3342 589 3406 ἐπέχειν
609 3349 972 3393 remotissimum
993 3351 1074 3392 est.
1145 3345 1305 3402 Quare
1312 3346 1483 3405 fireies,
1508 3351 1562 3392 ut
1582 3347 1653 3392 ita
1673 3348 1737 3393 sit
1757 3350 1810 3393 in
1832 3344 1966 3402 libro,
1990 3347 2378 3408 quemadmodum

368 3412 490 3471 ficit.
554 3409 696 3458 Dices
733 3409 820 3457 hoc
851 3413 962 3458 item
997 3408 1216 3467 Varroni,
1252 3413 1295 3456 si
1319 3412 1456 3470 sorte
1476 3414 1697 3468 mutavit,
1732 3425 1816 3457 nec
1838 3417 1905 3458 est
1920 3411 2088 3459 melius
2110 3414 2377 3474 quicquam,

383 3491 526 3539 quam
561 3481 616 3522 ut
661 3475 891 3523 Lucullus
931 3475 1160 3521 sustineat
1200 3490 1392 3522 currum
1436 3490 1681 3536 equosque,
1725 3482 1779 3523 ut
1816 3473 1962 3523 bonus
2002 3492 2118 3538 soepe
2153 3480 2377 3539 aqitator.

383 3540 666 3601 Semperque
709 3539 975 3587 Carneades
1011 3537 1288 3602 προβολὴν
1322 3541 1516 3602 pugilis,
1553 3546 1598 3587 et
1636 3542 1939 3588 retentionem
1971 3543 2145 3603 auriyoe
2176 3543 2380 3590 similem

368 3608 502 3667 facit
541 3601 730 3666 ἐποχῆ.
799 3602 1031 3651 Inhibitio
1067 3609 1230 3652 autem
1262 3607 1452 3666 remiqis
1489 3609 1671 3651 motum
1709 3603 1864 3663 habet,
1908 3611 1953 3652 et
1991 3606 2379 3654 vehementiorem

381 3671 569 3732 quidem
588 3669 910 3728 remiqationis
930 3684 1099 3716 navem
1119 3672 1426 3717 convertentis
1447 3669 1513 3716 ad
1527 3671 1743 3731 puppim.
1827 3669 2027 3717 curtius
2047 3670 2131 3719 lib.
2159 3670 2249 3717 IV.
2274 3686 2379 3732 cap.

382 3738 428 3791 4,
468 3750 505 3780 s.
540 3735 585 3780 9.
667 3731 839 3779 Plures
876 3733 1039 3780 deinde
1078 3733 1398 3781 Macedonum
1435 3749 1582 3780 naves
1616 3736 1962 3795 superveniunt,
2003 3739 2049 3780 et
2082 3749 2167 3782 rex
2198 3749 2379 3796 quoque

380 3799 561 3856 aderat,
602 3812 748 3860 quum
791 3796 933 3859 Tyrii
967 3797 1226 3845 inhibentes
1255 3801 1412 3855 remis,
1449 3814 1569 3860 aeqre
1605 3798 1799 3846 evellere
1827 3813 1993 3844 navem
2027 3813 2126 3861 quae
2159 3797 2379 3858 hoerebat,

373 3868 660 3926 portumque
685 3864 844 3910 omnia
865 3864 1010 3910 simul
1028 3864 1222 3924 naviyia
1243 3862 1693 3924 repetunt.—SCH.

447 3927 562 3978 347.
593 3926 905 3989 Aversumque
925 3925 1101 3988 ratem]
1127 3926 1318 3974 Vitruv.
1344 3926 1438 3974 IX.
1463 3943 1505 3974 c.
1525 3927 1571 3976 7.
1638 3926 1795 3974 Juxta
1834 3925 2077 3974 Crater-em
2099 3931 2145 3973 et
2176 3925 2378 3976 Leonem

378 3994 516 4039 navis
537 3998 620 4049 est,
643 4007 742 4054 quae
763 3993 1036 4040 nominatur
1056 3991 1201 4053 Argo,
1236 3991 1370 4054 cujus
1390 4007 1538 4054 prora
1559 3990 1874 4046 obscuratum
1908 3990 1989 4037 sed
2006 3991 2175 4048 malus,
2214 3998 2260 4038 et
2279 4006 2380 4054 quc

375 4063 486 4104 sunt
499 4058 628 4104 circa
637 4053 971 4116 qubernacula,
983 4058 1238 4103 eminentia
1253 4056 1625 4103 videntum—SC
1634 4057 1693 4102 H.
1705 4080 1825 4092 -—
1834 4053 1901 4102 Ut
1913 4053 2379 4119 quum]ABEGgsb.

378 4121 446 4169 At
466 4136 572 4169 cum
596 4121 696 4170 FP.
732 4119 904 4181 (Ibid.)
937 4124 1078 4168 remis
1097 4127 1241 4178 recte,
1266 4127 1320 4168 ut
1342 4127 1474 4182 puto,
1507 4120 1722 4170 Gronov.
1745 4126 1793 4168 et
1815 4119 2025 4168 s.--0R
