2992 4842
1297 556 1593 593 srrsnmx.
2363 544 2442 593 cix

455 684 814 734 Bononiensem
850 684 966 732 snni
1005 683 1147 743 1474,
1181 682 1404 746 junctam
1445 683 1671 732 Manilio.
1755 682 1899 732 Hunc
1944 683 2031 747 qui
2066 683 2315 733 consulere
2352 684 2441 733 sli-

455 750 646 813 quando
680 749 873 812 poterit,
905 750 957 797 id
977 757 1090 797 snte
1112 750 1278 798 omnis
1299 750 1545 797 examinet
1577 763 1774 797 necesse
1797 749 1905 808 erit,
1941 756 2107 798 utrum
2129 748 2315 797 Veneta
2334 765 2446 798 mes

455 830 517 863 ex
535 814 622 862 ills
639 815 703 862 sit
721 829 961 877 expressa,
983 830 1063 873 an,
1082 814 1212 877 quod
1235 815 1466 878 suspicor,
1505 830 1568 863 ex
1586 814 1682 862 alio
1704 813 1868 863 codice
1888 813 2047 862 ducta.
2111 814 2295 862 Praetet
2315 815 2443 862 Bur-

452 894 690 928 mannum
727 885 892 927 sutem
925 880 1072 927 etism
1108 880 1281 927 Iriarte
1299 880 1353 927 in
1376 879 1535 928 Catsl.
1557 878 1706 928 MSS.
1730 878 1819 928 Gr.
1846 879 2037 927 Matriti
2073 879 2214 937 1769,
2256 894 2307 942 p.
2330 881 2445 939 203,

455 946 785 1006 fragmentum
818 944 1095 993 Germanici
1132 945 1265 1007 prius
1300 944 1543 992 ineditum
1583 944 1819 1007 vulgavit,
1860 959 1959 1006 quo
2000 944 2121 991 libro
2160 959 2240 992 me
2282 960 2446 993 cante

455 1023 636 1123 ωειὲιιῗ
653 1074 666 1085 ο
679 1009 1026 1121 ορὸτὲἀᾶιίξοῗὲ
1089 1009 1491 1121 Εοτξιὲεεῦἱὶᾶεα)
1504 1015 1647 1103 ,funt
1679 1024 1865 1068 versus,
1903 1009 1989 1072 qui
2022 1008 2199 1057 misere
2232 1009 2448 1073 corrupti

465 1090 526 1123 ex
579 1089 609 1121 n
651 1089 704 1121 m
769 1089 798 1121 o
945 1090 978 1122 u
1027 1088 1121 1122 sno
1144 1090 1170 1121 e
1263 1089 1314 1121 ss
1353 1089 1500 1122 eens1.

525 1142 656 1187 Dum
672 1141 866 1201 payina,
903 1140 958 1185 in
979 1154 1073 1201 qua
1093 1138 1180 1186 boe
1199 1145 1392 1202 questus
1413 1146 1494 1197 est,
1519 1137 1674 1186 adhue
1694 1154 1727 1186 a
1739 1138 1876 1200 prelo
1894 1138 2127 1197 madebat,
2148 1140 2285 1199 sorte
2313 1140 2445 1187 Orel-

458 1206 524 1252 lio
545 1206 702 1251 evenit
719 1210 774 1251 ut
795 1202 908 1250 libri
927 1203 1178 1251 desiderati
1212 1204 1522 1265 exemplaria
1548 1218 1716 1251 manus
1753 1206 1946 1262 venerit,
1984 1219 2077 1267 quo
2095 1206 2235 1267 sacto
2258 1204 2451 1252 addidit

459 1268 662 1317 Phaedro
681 1283 766 1315 suo
788 1269 1102 1331 Appendicem
1127 1283 1227 1331 quae
1245 1271 1459 1331 sequitur
1475 1284 1492 1314 .-

525 1333 863 1380 Fortefortuna
885 1348 1039 1395 quum
1056 1340 1326 1395 opportuno
1347 1332 1626 1380 etiamnunc
1646 1340 1861 1396 tempore
1900 1338 2073 1380 nactus
2111 1332 2205 1380 sim
2240 1332 2447 1381 Josnnis

461 1397 763 1445 IRIARTE
803 1397 983 1445 librum
1017 1398 1334 1456 rarissimum,
1375 1398 1540 1445 omnis
1559 1413 1622 1444 ex
1642 1412 1715 1457 eo,
1750 1412 1859 1460 quae
1881 1397 1942 1444 sd
1966 1395 2133 1461 κρίσιν
2151 1396 2447 1446 Arateorum

461 1462 743 1510 Germanici
765 1462 993 1521 facerent,
1020 1462 1189 1510 sedulo
1211 1462 1444 1525 excerpsi.
1509 1462 1647 1523 (Pag.
1674 1460 1927 1521 203-212.)

530 1526 695 1575 Codex
720 1526 1020 1575 Matritensis
1039 1527 1436 1575 membranaceus
1461 1527 1568 1575 Sec.
1592 1526 1717 1575 XII.
1740 1529 1823 1588 (A.
1838 1526 1920 1586 22)
1942 1524 2222 1573 simillimus
2245 1526 2446 1574 omnino

459 1598 534 1639 est
554 1591 866 1649 Basileensis,
887 1593 980 1640 nisi
1005 1592 1134 1654 quod
1154 1592 1207 1640 in
1229 1592 1336 1640 loeo
1350 1607 1379 1639 a
1401 1592 1682 1640 Burmanno
1702 1593 1915 1654 primum
1938 1590 2065 1639 edito
2089 1591 2275 1638 duobus
2296 1591 2446 1639 etism

457 1656 678 1704 versibus
701 1656 887 1704 auctior
917 1664 993 1705 est
1013 1658 1133 1704 etin
1155 1656 1420 1715 nonnullis,
1452 1656 1759 1719 paucissimis
1791 1665 1973 1714 tamen,
2012 1655 2326 1704 emendatior.
2398 1657 2447 1704 A

463 1721 644 1769 Codice
669 1721 780 1769 Bas.
803 1722 881 1769 his
905 1722 1064 1769 differt
1084 1722 1400 1769 lectionibus:

529 1788 573 1833 1.
607 1788 685 1833 Et
705 1785 952 1836 illo-abi.
1021 1786 1140 1834 Post
1171 1802 1216 1834 v.
1241 1789 1285 1845 2,
1318 1787 1466 1834 habet
1482 1785 1573 1832 hos
1596 1785 1747 1833 duos:
1786 1785 2063 1832 Gmnmissus
2094 1788 2257 1833 coereri
2278 1786 2451 1849 finqes

459 1850 688 1914 spectabis
706 1854 759 1898 in
777 1850 915 1899 erbis.
981 1849 1224 1915 Pomaque
1236 1866 1476 1915 purpureo
1491 1852 1702 1912 primum
1722 1852 1965 1897 nascentia
1983 1852 2123 1911 flore.

559 1916 609 1964 3.
640 1916 813 1977 Insoetu
820 1916 962 1979 salit.
1517 1916 1598 1963 41.
1631 1914 1864 1976 Adprimoe
1886 1928 1979 1976 qua
2004 1916 2115 1961 colit
2134 1918 2363 1963 ecumina.

559 1982 609 2029 4.
649 1978 792 2028 Ovili.
1518 1981 1600 2029 43.
1630 1979 1831 2027 Marcia
1847 1994 1943 2027 non
1961 1978 2070 2028 illos
2092 1978 2446 2029 turbabititella.

560 2045 606 2091 6.
642 2046 888 2094 Distituat
917 2046 1060 2092 tauri.
1522 2046 1603 2093 44.
1638 2044 1803 2092 Haud.

562 2113 608 2158 8.
642 2110 774 2157 Adia
789 2111 1010 2172 geminos.
1521 2111 1602 2156 45.
1637 2108 1733 2157 Sed
1751 2111 1795 2156 si
1801 2110 1949 2169 sorte.

532 2175 612 2222 10.
646 2174 787 2223 Subte
803 2180 954 2237 pater.
1521 2174 1605 2221 46.
1646 2173 1807 2222 Unde.

530 2240 609 2286 13.
641 2240 756 2287 Jam
773 2243 872 2286 tum
883 2246 1081 2287 matures
1093 2240 1247 2301 spicea
1254 2240 1474 2303 pendent.
1521 2241 1601 2287 48.
1635 2238 1712 2285 Ad
1720 2240 1896 2299 faciles
1910 2237 2052 2301 qleboe
2075 2238 2201 2287 Iusta
2222 2240 2426 2302 strinyit.

532 2305 612 2351 15.
642 2302 915 2367 Percoquit.
1522 2304 1605 2352 49.
1636 2303 1814 2351 Vellere
1818 2302 1984 2365 ficlsit.

531 2368 606 2416 16.
640 2368 798 2418 Liber.
1524 2370 1601 2415 50.
1638 2368 1735 2415 Sub
1758 2370 1923 2417 lucem.

532 2433 606 2481 18.
645 2436 774 2481 Nam
793 2448 889 2496 qua
911 2434 1029 2482 loete.
1522 2434 1600 2481 51.
1640 2432 1847 2481 Taurus.

529 2499 609 2546 22.
649 2500 818 2545 Omnia
845 2514 959 2561 qua.
1521 2499 1600 2545 54.
1636 2496 1781 2546 Puta.

528 2564 609 2610 24.
647 2563 938 2625 Geminique.
965 2562 1132 2623 (Ibid.)
1153 2578 1261 2610 aere
1291 2564 1454 2611 leonis.
1520 2564 1598 2609 55.
1634 2562 1819 2609 Firmat
1826 2562 2040 2621 fulserit.

528 2628 608 2675 25.
642 2626 1079 2688 AEquate—cheloe.
1521 2627 1599 2674 56.
1635 2625 1831 2675 Omittit
1850 2642 2047 2675 annum.

531 2693 608 2739 28.
642 2692 840 2739 Nebulis
859 2691 1165 2739 hebetabitnr.
1522 2691 1605 2741 57.
1636 2690 1845 2739 Nemeis.
1910 2690 2074 2739 Habet
2092 2693 2289 2738 astrum.

531 2758 609 2804 29.
646 2759 918 2819 Pracipites
938 2756 1198 2819 ayitabu-nt.
1525 2758 1604 2805 58.
1637 2755 1752 2803 Om.
1778 2760 1837 2803 et.

529 2822 606 2869 30.
641 2821 832 2870 Lentos.
1518 2820 1597 2869 60.
1634 2820 2188 2869 Nunc—eaeham—acer.

529 2887 610 2935 31.
643 2886 853 2948 Belliqer
869 2888 1196 2934 et-statione-
1520 2886 1601 2934 62.
1638 2885 1755 2933 Cum
1775 2885 2001 2948 Juppiter
2030 2884 2218 2948 iynibus
2239 2888 2407 2933 omnis.

528 2951 605 2998 32.
647 2950 1074 2999 Tenum—ether.
1526 2951 1606 2999 64.
1639 2949 1711 2998 Ut
1732 2965 1837 2997 nos.

532 3015 610 3063 36.
645 3014 808 3063 Probi.
1526 3016 1605 3065 65.
1640 3015 1840 3077 Sinqula
1859 3016 2021 3077 siquis.

533 3080 610 3127 38.
644 3077 874 3141 Adiqerit.
1526 3081 1604 3128 68.
1640 3079 1864 3143 Eyokeri.

531 3146 612 3192 40.
645 3144 817 3206 Syrius
839 3143 1056 3204 (Sirius.)
1528 3144 1607 3192 69.
1646 3144 1884 3193 Humidus
1904 3145 1969 3192 ad
1984 3144 2371 3207 qelidos-iynia

537 3208 615 3260 71.
650 3208 748 3256 Sub
762 3212 924 3271 prima
943 3213 1152 3255 recurret
1172 3209 1224 3254 in
1244 3215 1372 3255 astra
1393 3211 1634 3272 (suprema
1652 3214 1860 3258 recurret
1880 3212 1935 3256 in
1953 3216 2083 3257 astra
2107 3209 2179 3257 Ir.
2202 3210 2355 3271 susp.)

534 3272 613 3324 72.
648 3273 882 3335 Hesperos
904 3272 1000 3320 haec
1021 3273 1106 3319 tibi
1126 3276 1260 3334 siqua
1281 3270 1384 3321 labe
1408 3281 1509 3321 tum
1538 3290 1643 3323 cum
1678 3275 1845 3335 lucifer
1880 3289 1965 3323 cur
1999 3290 2084 3322 ora
2124 3276 2285 3337 (siqua
2305 3274 2454 3334 dabit,

479 3345 535 3387 ut
555 3353 662 3399 ego,
683 3338 889 3399 conjecit
911 3338 1056 3385 etiam
1081 3336 1174 3401 Ir.)

543 3403 620 3455 73.
652 3402 940 3465 Inyrediens.

533 3466 616 3519 75.
651 3467 764 3515 Om.
787 3468 897 3515 hoec.

535 3532 614 3584 76.
647 3532 762 3580 Vere
775 3547 936 3580 cavere
952 3531 1124 3579 imbres
1138 3537 1184 3578 et
1187 3532 1386 3594 fithera
1407 3547 1591 3580 comam
1604 3547 1658 3579 en
1676 3532 1773 3580 alto
1792 3533 2019 3597 (culmine
2032 3536 2084 3581 in
2098 3533 2195 3582 alto
2217 3532 2285 3581 Ir.
2304 3533 2456 3596 susp.)

534 3596 617 3648 77.
645 3596 853 3645 Phrixee
873 3597 1031 3644 rutulo
1053 3596 1161 3658 (sic)
1176 3598 1370 3660 pecudis
1391 3598 1667 3645 radiaverit.

535 3661 616 3712 79.
652 3661 1006 3725 Flaminatque.

535 3728 616 3775 80.
651 3726 726 3773 Ut
745 3741 851 3775 nos.
1469 3732 1478 3739 ‘

537 3794 618 3840 82.
649 3790 838 3854 Apponi
873 3793 1073 3853 geminis
1113 3791 1272 3839 eadem
1312 3794 1578 3839 constantia
1612 3794 1809 3853 perstat.
1898 3790 1961 3839 Iu
1992 3806 2038 3839 v.
2071 3796 2255 3853 perstat
2295 3791 2457 3840 firmat

469 3870 632 3904 meam
653 3857 778 3918 conj.
844 3856 1049 3919 Propius
1070 3856 1131 3903 ad
1155 3856 1305 3905 Codd.
1331 3856 1447 3903 Bas.
1469 3864 1519 3904 et
1542 3855 1727 3903 Matrit.
1749 3862 1911 3918 atque,
1948 3864 2002 3904 ut
2033 3856 2187 3905 artius
2218 3856 2458 3905 cohaerest

469 3936 584 3968 cum
609 3921 862 3984 praecedd.,
884 3921 1048 3969 locum
1070 3922 1140 3969 sic
1163 3921 1456 3969 constitues:
1489 3918 1731 3968 Exoriens
1750 3935 1850 3968 ecce
1861 3920 1957 3969 hac
1976 3920 2205 3983 Cytherea
2222 3920 2425 3970 movebit
2440 3938 2456 3970 .·

467 3986 582 4033 Vere
618 3986 790 4034 cadent
825 3985 994 4034 imbres
1025 3991 1071 4033 et
1089 3987 1304 4046 fiumina
1325 3986 1545 4033 'culmine
1566 3985 1627 4033 ab
1648 3986 1762 4046 alto,
1798 3984 2061 4034 Phrixeum
2077 3986 2225 4035 rutilo
2238 4002 2384 4049 pecus
2400 3993 2457 4035 ut

472 4052 730 4100 radiaverit
750 4058 894 4100 astro·
960 4049 1146 4099 Nubila
1183 4055 1547 4115 commistusque
1568 4051 1747 4113 frayor
1770 4051 2065 4114 pluvialibus
2084 4052 2242 4114 undis,
2272 4050 2456 4100 Flami-
