2992 4842
1285 573 1595 620 scnonm.
2346 547 2430 612 27

585 1131 709 1198 IV.
801 1129 1220 1197 SCHOLIA
1266 1128 1484 1194 SIVE
1532 1125 2259 1193 COMMENTARIA

989 1335 1064 1380 IN
1097 1334 1555 1380 PHAENOMENA
1585 1332 1885 1379 ARATEA.

438 1663 709 1730 CAELUM
742 1663 1018 1730 Circulis
1049 1663 1341 1749 quinque
1373 1662 1817 1746 distinguitur,
1843 1684 2119 1747 quorum
2148 1661 2279 1726 duo
2314 1685 2430 1728 ex-

437 1753 626 1815 tremi
656 1752 936 1816 maxime
965 1751 1214 1834 frigidi:
1263 1749 1587 1814 Australis
1636 1748 2054 1848 humillimus,
2104 1756 2172 1813 et
2218 1748 2284 1813 A
2332 1750 2431 1813 ui-

435 1837 648 1902 Ionius
681 1837 1170 1901 excelsissimus,
1265 1834 1391 1898 His
1425 1834 1733 1917 utrinque
1765 1834 2044 1918 proximi
2099 1835 2227 1898 duo
2330 1857 2431 1899 ar-

436 1923 604 1986 alleli
649 1933 979 2000 vocantur,
1027 1932 1105 1985 ut
1150 1921 1244 1984 ita
1292 1920 1591 1997 dixerim,
1638 1943 1697 1984 oe
1738 1941 1817 1984 ue
1847 1923 2186 1986 distantes:
2234 1919 2431 1990 iidem

435 2005 713 2093 Tropici,
755 2008 950 2072 iidem
997 2005 1415 2073 Solstitiales:
1463 2006 1629 2070 alter
1749 2006 2033 2082 ibernuS,
2126 2028 2196 2069 er
2211 2029 2431 2106 ‘quem

437 2094 532 2157 sol
585 2095 902 2159 transiens
953 2115 1027 2158 ac
1086 2104 1313 2157 tenens
1374 2102 1664 2156 octavam
1766 2102 1967 2155 artem
2090 2091 2429 2176 aprinnrni,

437 2180 787 2244 solstitium
845 2179 1190 2242 hibernum
1244 2178 1433 2242 facit:
1483 2177 1645 2242 alter
1786 2177 2010 2254 stivus,
2063 2198 2181 2261 per
2232 2200 2429 2262 quem

435 2266 532 2330 sol
561 2266 876 2330 transiens
906 2287 978 2329 ac
1008 2275 1236 2328 tenens
1284 2275 1570 2327 octavam
1618 2275 1865 2347 partem
1914 2260 2170 2340 Cancri,
2220 2263 2430 2328 solsti-

434 2351 600 2416 tium
646 2352 942 2416 aestivum
989 2349 1165 2414 facit.
1269 2347 1532 2414 Medius
1582 2361 1680 2412 est
1738 2311 2259 2449 AEquinoctialiS,
2312 2350 2428 2434 qui

436 2447 720 2502 octavam
765 2446 1015 2522 partem
1066 2435 1308 2499 Arietis
1357 2447 1610 2512 tenens,
1662 2434 2121 2518 aequinoctium
2160 2457 2430 2502 vernum

433 2522 622 2588 facit:
670 2533 892 2586 octava
921 2522 1162 2598 Libra-2,
1193 2520 1567 2585 autumnale
1590 2520 1944 2586 constituit.
2036 2519 2133 2584 Ut
2187 2519 2427 2586 Circuli

434 2609 506 2671 in
562 2609 745 2686 caelo,
802 2609 894 2672 ita
948 2607 1156 2670 Zonae
1205 2607 1276 2670 in
1326 2616 1501 2670 terra
1544 2618 1870 2672 vocantur.
1961 2604 2426 2672 Inhabitabiles

435 2693 584 2778 frig1
565 2694 650 2757 di
701 2693 919 2758 circuli
967 2703 1122 2758 sunt
1167 2693 1249 2756 ob
1287 2692 1586 2776 rigorem,
1620 2693 1793 2776 quod
1822 2692 1903 2756 ab
1932 2691 2031 2756 his
2058 2691 2425 2775 longissime

437 2717 584 2842 solgl
561 2781 763 2844 abest.
858 2779 998 2843 Sub
1021 2778 1263 2843 torrido
1296 2777 1558 2863 quidam
1585 2777 1874 2842 habitare
1902 2788 2139 2877 putant
2165 2776 2427 2842 AEthio-

435 2865 563 2948 piae
623 2865 972 2929 maximam
1029 2875 1314 2948 partem:
1361 2864 1519 2927 item
1575 2863 1881 2963 plurimas
1927 2863 2169 2927 insulas
2220 2862 2424 2928 Maris
2480 2934 2491 2940 ,

433 2951 638 3028 rubri,
670 2950 954 3034 aliosque
978 2951 1245 3014 vertices
1283 2950 1792 3034 eminentiasque
1835 2959 2153 3013 terrarum
2192 2951 2424 3016 nostris

435 2999 795 3120 amplioreS.
889 3034 1028 3102 Sub
1060 3036 1350 3120 Tropicis
1379 3035 1669 3099 habitare
1700 3035 1863 3098 nulli
1892 3035 2161 3099 dubium
2190 3046 2309 3099 est.

523 3122 764 3186 Noster
796 3121 1159 3186 Solstitialis
1192 3119 1480 3186 AEstivus
1505 3132 1608 3185 est
1630 3122 1920 3185 excelsus
1942 3132 2139 3205 atque
2162 3121 2419 3191 arduus,

435 3207 639 3272 Divisi
670 3219 888 3272 autem
917 3217 1072 3271 sunt
1101 3231 1151 3271 a
1167 3207 1352 3270 nobis
1381 3207 1615 3270 circulo
1644 3205 2129 3291 AEquinoctiali,
2155 3207 2267 3292 qui
2286 3208 2423 3271 An-

431 3293 794 3358 tichthones
843 3293 1282 3370 nominantur,
1307 3303 1374 3357 et
1399 3293 1702 3357 videntur
1744 3292 2019 3356 humiles
2068 3303 2265 3377 atque
2313 3294 2422 3358 de-

431 3380 654 3462 pressi,
689 3379 800 3464 qui
830 3378 1195 3463 Antipodes
1223 3378 1390 3442 infra
1419 3388 1611 3442 sunt:
1660 3378 1833 3462 quod
1855 3389 1932 3442 ut
1953 3401 2087 3442 esse
2105 3378 2417 3459 videatur,

431 3464 718 3530 efficiunt
746 3465 954 3530 flexus
985 3464 1526 3548 obliquitatesque
1557 3475 1894 3541 terrarum,
1942 3487 2099 3548 quas
2146 3465 2419 3529 Antich-

431 3551 658 3615 thones
689 3561 756 3614 et
787 3549 1184 3614 Antistoehae
1201 3559 1269 3614 et
1291 3550 1691 3634 Antisceptae
1709 3549 2067 3614 inhabitare
2090 3550 2277 3613 dicun
2288 3561 2414 3616 tur.

431 3635 672 3720 Incipit
703 3647 920 3700 autem
954 3636 1254 3719 Signifer,
1285 3658 1416 3699 non
1447 3637 1530 3700 ab
1560 3647 1849 3700 extremo
1880 3636 2135 3713 circulo,
2182 3657 2299 3699 nec
2334 3638 2416 3700 ad

429 3734 794 3786 extremum
823 3723 1232 3786 extenditur·
1281 3722 1392 3786 sed
1420 3723 1503 3786 ab
1530 3722 1760 3785 intimo
1807 3722 2081 3806 Tropico
2126 3722 2413 3800 australi,

426 3808 830 3892 brumalique
841 3808 1086 3886 eodem,
1105 3831 1221 3892 per
1229 3805 1775 3892 AEquinoctialem
1786 3808 1866 3872 ad
1875 3830 2195 3872 summum
2206 3808 2415 3871 solsti-

425 3894 664 3970 tialem,
697 3895 1101 3978 eundemque
1131 3895 1475 3958 aestivalem
1495 3917 1614 3980 per
1640 3894 1945 3971 medium,
1976 3892 2063 3974 (in
2092 3893 2192 3956 his
2207 3892 2415 3976 longi-

424 3980 583 4043 tudo
611 3980 888 4044 latitudo
936 3980 1044 4062 110)
1083 3991 1434 4063 porrectus·
1528 3979 1831 4064 Obliquae
1861 3979 2077 4043 circuli
2110 3979 2411 4062 Signiferi

423 4077 660 4149 parteS,
713 4063 882 4132 CCC
952 4065 1112 4132 XV.
1161 4065 1342 4151 signa
1386 4065 1562 4144 XII,
1608 4066 1887 4152 partium
1935 4063 2187 4149 singula
2226 4065 2412 4130 trice-
