2992 4842
518 950 605 1017 V.
698 949 981 1016 NOTAE
1031 949 1165 1015 AD
1213 946 1856 1014 PHAENOMENA
1907 944 2324 1014 ARATEA.

598 1105 681 1146 Ex
705 1104 1123 1146 EDITIONIBUS
1153 1101 1675 1145 SCHWARTZIANA
1705 1099 2230 1150 ORELLIANAQUE.

484 1426 527 1472 1.
560 1423 740 1472 Malim
777 1424 871 1472 hoc
911 1429 1053 1486 pacto
1088 1423 1349 1486 distinguit
1399 1423 1471 1473 Ab
1511 1424 1633 1472 Jove
1661 1426 1958 1486 principium
2001 1437 2172 1486 mayno
2214 1421 2413 1470 deduxit

414 1488 598 1538 Aratus
618 1511 638 1536 .·
668 1489 911 1536 Carminis
941 1496 994 1536 at
1023 1487 1171 1546 nobis,
1212 1489 1426 1548 Genitor,
1468 1495 1522 1536 tu
1551 1492 1786 1536 maximus
1817 1493 1995 1538 auctor.
2063 1487 2136 1534 Ut
2169 1487 2234 1534 sit
2271 1493 2414 1534 autor

416 1556 643 1602 carminis
664 1553 721 1610 is,
757 1555 897 1615 quus
912 1553 1055 1615 jussu
1079 1561 1129 1600 et
1148 1554 1377 1616 auspiciis
1400 1569 1598 1602 carmen
1621 1554 1957 1613 conscribitur,
1990 1558 2046 1599 ut
2065 1557 2277 1599 autorem
2299 1548 2414 1600 belli

415 1623 464 1664 et
506 1619 760 1666 concordie
800 1619 1026 1666 dicimus.
1098 1619 1271 1666 GRoT.
1358 1619 1470 1680 Ego
1515 1633 1628 1666 vero
1671 1618 1794 1666 nihil
1836 1617 2128 1665 mutandum
2168 1631 2412 1674 censeam,

416 1697 575 1744 neque
615 1690 834 1730 autorem
869 1697 956 1745 pro
981 1681 1177 1744 jubente
1212 1683 1367 1745 accipi
1402 1690 1590 1746 putem.
1668 1687 1748 1730 An
1774 1682 1907 1730 enim
1928 1682 2136 1744 Jupiter,
2171 1680 2252 1730 cui
2287 1681 2413 1727 Ger-

415 1747 638 1794 manicus
666 1750 945 1809 Augustum
976 1747 1190 1810 opponit,
1229 1750 1435 1795 Aratum
1468 1763 1665 1797 carmen
1699 1747 1904 1795 scribere
1939 1747 2120 1808 jussit?
2209 1745 2417 1792 Videtur

415 1811 579 1874 potius
599 1812 778 1859 fiducia
809 1811 1033 1873 quaedam
1065 1811 1252 1872 auxilii,
1291 1813 1391 1860 sive
1426 1813 1686 1860 instinctus
1727 1812 1982 1874 cujusdam
2015 1809 2291 1872 significari,
2327 1810 2415 1856 ad·

410 1877 587 1938 Juncta
608 1876 815 1924 Caesaris
838 1877 1093 1924 Octaviani
1114 1876 1272 1924 laude.
1340 1877 1573 1925 Imitatur
1593 1877 1814 1924 videlicet
1840 1877 2162 1924 Germanicus
2187 1875 2414 1930 Aratum,

418 1941 504 2002 qui
542 1947 591 1988 et
625 1940 761 1988 Jovis
794 1941 963 1988 laudes
997 1941 1207 1988 celebrat
1240 1948 1290 1988 et
1318 1941 1606 1990 instinctum
1641 1948 1850 2004 exoptat.
1919 1939 2150 1988 Solebant
2169 1946 2333 1986 autem
2355 1939 2416 1985 ab

417 2005 700 2053 hominibus
723 2005 871 2053 etiam
890 2005 1179 2053 instinctum
1202 2007 1443 2068 quendam
1466 2023 1658 2069 sperare
1686 2006 1915 2054 Romani.
1984 2004 2188 2051 Ovidius
2215 2004 2342 2051 Fast.
2368 2002 2414 2060 I,

422 2071 484 2116 25
520 2070 581 2118 ad
619 2069 995 2118 Germanicum:
1032 2069 1090 2118 Si
1110 2071 1220 2118 licet
1240 2071 1381 2130 etfas
1400 2077 1485 2130 est,
1509 2078 1638 2119 vates
1657 2087 1763 2134 reqe
1785 2073 1907 2118 vatis
1928 2069 2148 2126 habenas,
2172 2069 2414 2130 Auspiciis

408 2135 541 2198 felix
579 2140 701 2182 totus
732 2139 787 2181 ut
824 2150 978 2181 annus
1015 2139 1111 2182 eat.
1195 2136 1445 2193 Manilius,
1482 2136 1566 2184 lib.
1604 2136 1636 2184 l.
1676 2151 1720 2183 v.
1761 2135 1808 2193 7,
1849 2137 1927 2182 10.
2012 2135 2159 2182 Nunc
2196 2131 2316 2179 mihi
2361 2137 2416 2179 tu

426 2197 585 2247 Gaesar
625 2201 803 2310 patri}
820 2201 1129 2311 pii-memque
1154 2207 1387 2263 paterque
1427 2203 1532 2248 Das
1553 2203 1766 2249 animum
1786 2202 1998 2262 viresque
2018 2201 2151 2260 facis
2183 2197 2246 2244 ad
2279 2201 2416 2245 tanta

423 2264 767 2311 canendum.—-
808 2265 846 2310 C
908 2297 923 2312 .

490 2331 537 2376 2.
575 2327 791 2387 Genitor)
814 2327 1099 2390 Augustum
1122 2327 1227 2379 sine
1248 2328 1395 2377 dubio
1416 2329 1593 2388 innuit,
1619 2336 1675 2377 ut
1693 2329 1848 2391 liquet
1869 2342 1934 2376 ex
1959 2343 2016 2375 eo
2039 2327 2166 2390 quod
2181 2325 2416 2389 sequitur,

417 2389 531 2440 Pax
552 2399 635 2440 tua
664 2398 807 2454 tuque
828 2393 953 2440 adsis
974 2399 1104 2450 nato,
1138 2408 1400 2456 numenque
1420 2395 1658 2442 secundos.
1727 2395 1889 2444 Quem
1925 2400 1974 2441 et
2005 2392 2131 2440 infra
2154 2391 2420 2454 alloquitur

422 2472 469 2505 v.
494 2460 607 2506 554.
692 2457 739 2504 H
746 2460 807 2516 ic,
848 2461 1074 2520 Auyuste,
1118 2465 1249 2506 tuum
1292 2458 1506 2507 Genitali
1544 2459 1695 2506 sidere
1736 2473 1927 2516 numen,
1969 2460 2048 2513 3⁶⁶.
2129 2456 2251 2503 Erat
2290 2456 2416 2503 Ger-

422 2522 647 2569 manicus
682 2521 835 2570 Drusi
874 2523 1083 2580 Claudii,
1114 2523 1199 2584 qui
1235 2522 1451 2584 Augusti
1484 2523 1736 2586 privignus
1761 2530 1878 2580 erat,
1899 2521 2046 2570 filius.
2116 2521 2169 2568 Is
2201 2528 2370 2583 postea
2389 2534 2420 2566 a

424 2585 616 2634 Tiberio
638 2593 811 2648 patruo
826 2587 1096 2648 adoptatus,
1117 2586 1340 2649 Augusto
1365 2588 1616 2636 Tiberium
1639 2589 1910 2650 adoptante,
1933 2587 2089 2634 factus
2105 2593 2181 2634 est
2203 2583 2420 2647 Augusti

424 2665 590 2712 nepos.
657 2651 921 2698 Testantur
940 2651 1033 2698 hoc
1068 2651 1327 2699 Suetonius
1347 2652 1400 2699 in
1422 2653 1521 2700 vita
1544 2653 1700 2714 Calig.
1722 2668 1763 2700 c.
1784 2653 1819 2700 i.
1840 2659 1890 2699 et
1909 2651 2107 2698 Tacitus
2127 2649 2310 2697 Annal.
2332 2649 2417 2696 lib.

422 2714 461 2764 1.
486 2730 528 2762 c.
570 2715 616 2773 7,
657 2723 707 2762 et
748 2715 925 2763 diserte
971 2715 1293 2763 Tribonianus
1339 2717 1393 2763 in
1437 2717 1658 2765 Institut.
1706 2717 1765 2764 de
1807 2715 2160 2780 adoptionibus.
2245 2715 2418 2776 Itaque

422 2779 686 2842 improprie
706 2795 758 2826 se
780 2789 951 2827 natum
981 2780 1215 2837 nominat,
1250 2781 1535 2842 Augustum
1567 2781 1865 2843 genitorem:
1901 2795 2016 2828 cum
2036 2787 2164 2826 esset
2181 2779 2263 2826 hic
2285 2793 2418 2834 avus,

423 2844 507 2892 ille
524 2859 675 2907 nepos
694 2859 781 2904 per
804 2844 1127 2906 adoptionem.
1183 2844 1265 2892 Ad
1288 2861 1339 2892 se
1356 2847 1568 2908 respexit
1589 2847 1682 2893 isto
1702 2847 2072 2907 epiphonemate
2097 2843 2419 2892 Germanicus

422 2924 467 2957 V.
497 2911 607 2957 185.
671 2907 872 2956 Prodest
884 2908 1099 2970 majestas
1120 2925 1239 2972 saepe
1252 2913 1479 2971 parentis.
1538 2911 1854 2959 Gne—scil.
1869 2910 2072 2956 —Sic
2091 2925 2206 2957 cum
2230 2909 2420 2965 Grotio,

424 2973 578 3021 immo
612 2989 728 3020 cum
768 2973 887 3021 Cdd.
922 2974 1082 3021 ABE.
1114 2990 1143 3022 a
1179 2975 1318 3022 nobis
1356 2975 1475 3036 ipsis
1507 2975 1738 3038 inspectis
1776 2975 2111 3023 distinximus:
2155 2990 2265 3038 quae
2297 2974 2419 3022 ratio

424 3041 570 3100 poeta
593 3038 761 3099 utique
783 3037 925 3098 longe
948 3038 1139 3100 dignior
1159 3039 1310 3086 videri
1331 3039 1488 3088 debet.
1554 3039 1716 3101 Vulgo
1740 3041 1838 3088 sic:
1873 3039 1946 3088 Ab
1977 3039 2100 3086 Jove
2124 3042 2421 3102 principium

422 3117 593 3164 mayno
612 3102 809 3150 dedu-:cit
825 3101 1001 3150 Aratus
1026 3105 1261 3151 Carminis
1273 3121 1289 3151 .·
1320 3111 1372 3151 at
1390 3104 1526 3152 nobis
1545 3105 1818 3155 ces—OB.

490 3169 538 3214 4.
574 3166 809 3228 Doctique
851 3167 1046 3231 laboris)
1087 3175 1143 3215 ut
1177 3168 1477 3217 discernatur
1511 3185 1540 3216 a
1575 3169 1792 3227 militari,
1833 3169 1912 3217 cui
1949 3171 2257 3218 assuescebat
2288 3169 2420 3217 idem

430 3231 987 3281 Germanicus.-—SCH.

493 3298 543 3343 5.
576 3294 759 3342 Versus
791 3295 937 3343 hosce
975 3296 1197 3344 imitatur
1227 3297 1465 3354 AvienuS,
1507 3295 1606 3344 Cur
1634 3297 1952 3360 Hyperionios
1975 3299 2116 3360 Nepa
2135 3299 2418 3360 circumflec-

428 3365 545 3407 teret
582 3363 713 3421 i9nes
749 3359 983 3408 Autumni
1012 3363 1197 3409 reditu:
1245 3377 1331 3410 cur
1364 3363 1447 3410 sub
1476 3362 1632 3424 yet-ido
1673 3363 1960 3424 Capricorno
1996 3365 2176 3411 Bruma
2203 3365 2422 3424 pruinosi

416 3425 540 3487 juqa
564 3427 723 3471 tristia
744 3425 938 3472 solveret
959 3429 1103 3473 anni:
1143 3426 1243 3474 Cur
1274 3430 1483 3488 spatium
1519 3428 1634 3474 lucis
1668 3427 1866 3474 madidae
1900 3443 2006 3474 oum
2037 3433 2240 3489 tempore
2271 3428 2422 3474 noctis

426 3487 577 3536 Libra
595 3489 802 3551 celer-que
822 3489 961 3538 Aries
980 3491 1190 3538 dimenso
1221 3493 1421 3553 pondere
1458 3493 1646 3554 Olympi
1679 3491 1967 3554 AEquarent.
2033 3492 2182 3540 Vides
2221 3501 2422 3555 utroque

424 3552 534 3600 loco
571 3553 934 3602 Astronomiam
956 3570 1017 3602 ex
1038 3555 1257 3602 solstitiis
1277 3563 1326 3602 et
1346 3557 1649 3618 aequinoctiis
1667 3557 1888 3604 describi.
1974 3558 2044 3605 Et
2079 3559 2193 3606 alibi
2231 3571 2422 3619 quoque

427 3618 754 3678 ostendemus,
787 3619 1033 3667 Avienum
1064 3619 1217 3667 Arato
1232 3620 1415 3669 intacta
1448 3637 1510 3668 ex
1549 3621 1841 3669 Germanico
1875 3622 2182 3671 desumsisse.
2250 3622 2425 3670 Gno'r.

427 3680 632 3729 Possent
652 3698 698 3730 a.
722 3699 761 3730 c.
787 3683 846 3743 s.)
879 3684 929 3731 id
951 3691 1040 3742 est,
1078 3685 1196 3746 quid
1229 3685 1290 3731 ad
1310 3685 1461 3732 vitam
1486 3687 1748 3734 beatiorem
1771 3686 1951 3735 valeret
1969 3689 2043 3735 vis
2065 3689 2292 3744 siderum,
2311 3701 2421 3748 quae

427 3761 613 3794 annum
648 3755 699 3794 et
733 3755 1042 3810 tempestates
1064 3750 1264 3806 variant,
1300 3748 1353 3796 in
1376 3751 1593 3812 subjecto
1619 3750 1814 3812 tropicis
1835 3758 2069 3799 terrarum
2091 3753 2218 3799 orbe.
2285 3751 2424 3799 Talia

428 3811 587 3858 sidera
625 3811 936 3874 potissimum
976 3819 1105 3869 sunt,
1164 3829 1275 3876 quae
1332 3816 1527 3876 tropicis
1584 3817 1892 3863 continentur
1935 3816 2143 3864 circulis.
2231 3816 2421 3862 Plinius

427 3873 635 3933 XVIII,
668 3877 715 3923 4.
802 3876 1030 3925 Dicemus
1053 3884 1099 3924 et
1118 3877 1294 3937 sidera,
1326 3880 1622 3943 siderumque
1643 3883 1850 3942 ipsorum
1875 3884 2117 3928 terrestria
2139 3882 2272 3942 sigma
2294 3879 2423 3926 dabi-

428 3954 535 3986 mus
569 3939 859 3999 indubitata,
894 3943 1187 4005 &c.÷SCH.
1320 3942 1546 4006 Possent]
1593 3946 1672 3993 Sic
1707 3945 1764 3993 B.
1801 3946 2144 4008 (superscripto
2180 3952 2344 3993 tamen
2381 3943 2420 4003 i)

431 4002 850 4066 EGsb.—possint
868 4006 1263 4069 APg.—-possunt
1287 4007 1525 4058 F.—OR.

498 4068 542 4116 6.
568 4069 769 4118 Ardente
790 4071 1033 4121 A.—0R.
