2992 4842
584 605 673 668 60
1430 621 1740 666 scnomA.

581 762 733 827 licet
778 771 991 848 pact0,
1044 759 1220 910 quod
1270 759 1658 826 detrimenta
1693 770 1760 826 et
1799 768 2146 844 augmenta
2190 781 2322 824 non
2369 761 2576 826 solum

584 859 777 925 terra,
828 847 941 911 sed
970 857 1038 911 et
1092 869 1131 911 a
1174 847 1311 911 ides
1354 847 1456 912 vel
1501 848 1758 911 cerebra
1796 846 2239 924 animantium,
2289 856 2357 911 et
2389 847 2577 932 'quod

584 933 788 1016 magis
826 933 1137 998 incredibi
1162 956 1197 998 e
1226 933 1334 1010 sit,
1363 934 1560 998 etiam
1585 933 1914 997 laetamina
1953 933 2264 1010 sentiunt,
2313 955 2462 1018 quae
2506 933 2575 996 in

586 1019 799 1083 Lunae
826 1019 1237 1084 incrementis
1266 1020 1471 1104 ejecta
1492 1018 1866 1084 vermiculos
1887 1019 2268 1104 parturiant.
2358 1018 2573 1103 Ipsam

588 1105 869 1170 Dianam
927 1115 1133 1169 ortam
1187 1105 1557 1169 nemoribus
1613 1105 1860 1184 volunt,
1904 1105 2096 1170 simili
2139 1105 2352 1184 mod0,
2400 1106 2574 1188 quod

585 1191 885 1255 arborum
911 1214 983 1255 ac
1004 1191 1311 1255 fruticum
1328 1213 1516 1255 succo
1539 1203 1884 1275 augmenta
1903 1190 2179 1255 inducat.
2269 1189 2572 1276 Denique

584 1277 927 1342 crementis
957 1276 1167 1341 Lunae
1196 1278 1473 1342 abscissa
1501 1277 1676 1360 ligna
1701 1276 2077 1340 fiirfuraceis
2117 1277 2437 1340 tinearum
2476 1287 2574 1340 te-

582 1363 1050 1427 rebraminibus
1069 1363 1499 1428 fistulascunt.
1577 1362 1968 1426 Nemoribus
1979 1383 2238 1448 quoque
2249 1363 2468 1426 adesse
2478 1362 2574 1426 di-

584 1449 773 1525 citur,
824 1449 997 1534 quod
1050 1449 1255 1512 omnis
1306 1447 1560 1513 venatio
1608 1449 1756 1533 plus
1805 1458 1994 1512 nocte
2046 1469 2240 1534 quam
2285 1448 2390 1513 die
2435 1448 2570 1512 fiat.

581 1531 1055 1619 Endymionem
1076 1556 1224 1598 vero
1244 1545 1569 1619 pastorem
1601 1533 1845 1599 amasse
1875 1534 2128 1612 dicitur,
2172 1533 2367 1618 duplo
2407 1534 2572 1597 scili-

583 1630 686 1684 cet
708 1620 899 1683 modo
920 1645 936 1684 :
982 1641 1099 1684 seu
1120 1620 1291 1705 quod
1314 1620 1561 1703 primus
1578 1618 1910 1684 hominum
1928 1618 2294 1705 Endymion
2313 1643 2573 1684 cursum

583 1705 795 1769 Lunae
824 1705 1162 1783 invenerit,
1186 1706 1356 1770 unde
1375 1717 1442 1770 et
1461 1706 1730 1790 triginta
1745 1727 1945 1770 annos
1969 1705 2273 1769 dormisse
2299 1705 2569 1782 dicitur;

584 1791 737 1891 quia
766 1791 928 1855 nihil
956 1791 1132 1856 aliud
1158 1792 1228 1854 in
1258 1792 1388 1854 vita
1416 1815 1554 1869 sua,
1586 1792 1711 1855 nisi
1739 1791 1889 1855 huic
1918 1791 2266 1875 repertioni
2296 1791 2568 1868 studuit,

586 1887 754 1941 sicut
768 1877 1068 1941 Mnaseas
1090 1878 1160 1940 in
1176 1878 1383 1962 primo
1404 1877 1570 1941 libro
1593 1878 1672 1941 de
1691 1877 1958 1962 Europa
1974 1877 2254 1942 scribens
2277 1877 2567 1941 tradidit:

582 1963 715 2027 sive
745 1964 918 2048 quod
944 1963 1417 2063 Endymionem
1448 1962 1694 2028 amasse
1720 1963 1948 2040 fertur,
1979 1963 2134 2049 quia
2151 1963 2451 2027 nocturni
2472 1985 2576 2026 ro-

580 2049 669 2112 ris
708 2048 960 2126 humor,
1003 2071 1117 2133 qm
1164 2059 1265 2112 est
1310 2049 1616 2126 siderum,
1660 2049 1902 2135 quique
1943 2049 2144 2134 ipsius
2185 2048 2394 2112 Lunae
2437 2049 2574 2113 ani-

580 2135 831 2198 mandis
860 2133 1201 2198 herbarum
1230 2135 1432 2198 succis
1455 2135 1816 2211 insudetur,
1849 2145 1916 2198 et
1931 2134 2352 2218 pastoralibus
2369 2134 2573 2218 prosit

583 2219 995 2285 successibus,
1088 2219 1413 2284 Praeterea
1431 2221 1613 2304 signa
1634 2221 2036 2304 tempestatis
2057 2220 2157 2283 vel
2179 2230 2246 2283 et
2267 2220 2572 2283 serenita-

582 2305 667 2369 tis
697 2306 765 2368 in
796 2327 871 2368 ea
899 2305 1098 2370 videri
1128 2329 1313 2391 posse
1343 2306 1596 2392 antiqui
1625 2305 1958 2370 dixerunt.
2047 2303 2350 2388 Nigidius
2380 2305 2492 2381 ait,
2515 2305 2572 2368 si

580 2389 773 2455 Luna
807 2393 879 2454 in
920 2413 1167 2456 summo
1200 2393 1433 2455 circulo
1462 2393 1740 2456 maculas
1771 2392 1980 2475 nigras
2009 2390 2311 2454 habuerit
2339 2391 2409 2454 in
2437 2390 2569 2474 pri-

580 2477 702 2541 mis
748 2477 1040 2560 partibus
1087 2477 1343 2555 mensis,
1391 2477 1629 2542 imbres
1672 2477 1926 2541 futuros
1964 2477 2298 2560 significat.
2391 2474 2462 2541 Si
2500 2477 2570 2539 in

582 2563 815 2638 medio,
849 2573 1004 2627 tunc
1031 2586 1179 2627 cum
1208 2562 1400 2647 plena
1428 2564 1560 2626 sint
1582 2563 1653 2626 in
1675 2585 1750 2626 eo
1769 2563 2108 2640 cornicula,
2133 2562 2566 2626 serenitatem.

582 2647 911 2714 Caeterum
954 2649 1007 2713 si
1039 2650 1230 2712 rubet
1282 2649 1463 2734 quasi
1511 2670 1762 2725 aurum,
1811 2658 2033 2712 ventos
2075 2648 2373 2712 ostendit.
2463 2647 2580 2711 Fit-

582 2735 753 2798 enim
782 2746 1013 2800 ventus
1044 2757 1130 2799 ex
1158 2735 1319 2800 aeris
1350 2735 1684 2811 densitate,
1717 2755 1844 2819 qua
1872 2734 2130 2798 obducti
2164 2732 2275 2797 Sol
2298 2744 2365 2797 et
2383 2730 2574 2797 Luna

580 2821 931 2884 rubescunt
956 2846 971 2898 ;
1017 2821 1173 2884 item
1198 2821 1251 2884 si
1274 2842 1512 2884 cornua
1531 2821 1671 2905 ejus
1695 2820 2115 2884 tetrafuerint
2131 2818 2389 2898 nebula,
2410 2828 2572 2882 tem-

579 2917 795 2989 pestas
822 2906 1043 2970 futura
1074 2916 1191 2970 est.
1283 2906 1528 2970 Aratus
1577 2915 1796 2970 autem
1843 2905 2016 2982 dicit,
2060 2903 2132 2970 Si
2172 2904 2567 2990 aquilonium

580 3012 781 3054 cornu
807 2991 1015 3055 Lunae
1045 3001 1144 3055 est
1171 2991 1546 3076 porrectiu3,
1580 2992 1976 3076 aquilonium
1997 2990 2350 3055 imminere.
2399 2989 2570 3053 Item

581 3077 641 3140 si·
666 3099 864 3141 cornu
894 3077 1167 3141 australe
1190 3077 1274 3141 sit
1302 3077 1596 3154 erectius,
1616 3087 1845 3140 notum
1866 3077 2222 3140 imminere.
2315 3073 2570 3142 Quarta

579 3173 797 3226 autem
817 3163 1007 3226 Luna
1022 3163 1222 3226 index
1232 3162 1592 3226 futurarum
1605 3162 2236 3227 certissimahabetur
2247 3183 2568 3226 aurarum.

582 3246 777 3311 Unde
810 3259 878 3312 et
907 3247 1255 3331 VergiliuS‚
1289 3251 1369 3314 Si
1396 3252 1470 3314 in
1501 3259 1650 3314 ortu
1683 3259 1918 3336 quarto
1943 3274 1963 3313 .-
2011 3270 2297 3335 namque
2334 3251 2394 3312 is
2433 3269 2570 3313 cer-

584 3337 877 3398 tissimus
905 3344 1157 3399 auctor.

667 3418 733 3482 A
764 3418 1009 3483 Bruma
1035 3419 1107 3484 in
1136 3419 1489 3484 Favonium
1521 3417 1764 3484 Caesari
1795 3419 2035 3484 nobilia
2064 3419 2290 3496 sidera,
2327 3418 2569 3502 signifi-

574 3515 745 3568 cant.
796 3504 935 3570 III.
968 3505 1082 3571 cal.
1115 3505 1159 3568 J
1158 3506 1447 3570 annarias
1476 3506 1795 3569 matutino
1828 3505 2024 3570 Canis
2063 3505 2374 3582 occidenS,
2437 3525 2566 3589 quo

578 3591 681 3654 die
710 3590 950 3655 Atticae
983 3602 1049 3655 et
1076 3590 1365 3656 finitimis
1409 3591 1779 3674 regionibus
1825 3590 2068 3676 Aquila
2107 3613 2368 3674 vespere
2408 3589 2568 3653 oeci-

578 3677 729 3740 dere
748 3677 1042 3741 traditur.
1134 3675 1349 3740 Pridie
1368 3699 1568 3740 nonas
1592 3676 1633 3739 J
1635 3676 1926 3740 annarias
1953 3675 2193 3740 Caesari
2204 3673 2566 3759 Delphinus

574 3763 897 3827 matutino
928 3763 1241 3840 exoritur,
1276 3772 1341 3825 et
1370 3773 1628 3848 postero
1659 3763 1950 3826 exoritur
1979 3762 2285 3838 Fidicula,
2308 3760 2568 3846 quando

578 3845 833 3932 Sagitta
852 3848 1100 3932 vesperi
1121 3849 1369 3912 occidit.
1462 3847 1632 3912 Item
1643 3849 1872 3935 quinto
1888 3849 2032 3912 idus
2049 3848 2093 3911 J
2093 3848 2382 3912 anuarias
2401 3848 2456 3932 ej
2463 3868 2568 3910 us-

576 3935 723 3998 dem
755 3933 1065 4019 Delphini
1082 3934 1482 4019 vespertinus
1504 3957 1760 3999 occasus
1785 3945 1848 3998 et
1871 3935 2160 3999 continui
2185 3935 2317 3998 dies
2337 3932 2567 3996 hiemis

576 4019 811 4096 Italiae,
860 4043 1007 4084 cum
1059 4019 1171 4087 Sol
1198 4021 1269 4084 in
1302 4019 1668 4105 Aquarium
1720 4021 1997 4084 sentitur
2048 4020 2340 4097 tran-sire,
2393 4017 2566 4105 quod

570 4105 705 4170 fere
737 4105 1017 4173 XVIII.
1050 4107 1165 4173 cal.
1192 4106 1382 4171 Febr.
1410 4106 1643 4172 evenit.
1692 4105 1899 4172 VIII..
1924 4106 2115 4170 Febr.
2143 4105 2354 4190 Regia
2378 4104 2564 4170 stella
