2992 4842
1169 586 1236 620 An
1263 584 1676 623 susannam-s.
2307 573 2419 621 xcix

431 725 481 773 p.
509 712 631 759 134:
665 708 862 759 Viderat
897 711 1157 759 exanimem
1191 716 1346 759 mater
1378 713 1624 775 Byzantia
1648 716 1829 771 natum,
1852 711 1944 759 &e-
1964 708 2094 773 quod
2114 708 2199 759 ille
2218 709 2421 773 ignobili

431 777 561 833 fuco,
583 776 842 823 infarciens
862 775 922 823 de
944 791 1032 824 suo
1053 776 1315 824 nonnullos
1337 792 1505 825 versus
1525 776 1769 834 insititios,
1791 776 2045 839 poEmatiis
2076 776 2179 823 suis
2197 775 2420 825 intexuit.

433 840 587 888 Aliud
606 841 775 889 itidem
796 841 924 903 apud
945 840 1072 889 Pith.
1096 841 1204 889 eod.
1223 841 1361 898 libro,
1383 857 1494 904 pag.
1520 844 1628 898 102,
1650 857 1736 904 pro
1759 842 1957 903 antiquo
1980 840 2269 899 venditatur,
2292 840 2423 903 quod

433 906 494 956 ab
517 906 688 953 eodem
711 905 924 953 Marullo
945 906 1116 954 fictum
1135 921 1192 954 ac
1213 907 1519 969 suppositum
1551 907 1799 955 Antonius
1836 906 2143 968 Augustinus
2182 905 2423 965 credebat,

436 976 494 1019 ut
515 985 603 1017 suo
628 970 733 1018 loco
754 970 1044 1017 notabimus.

501 1036 550 1083 2.
585 1034 716 1098 Scepe
739 1037 882 1083 etiam
900 1037 1072 1098 iqnotis
1093 1036 1192 1097 ipse
1213 1034 1320 1083 dedi
1339 1034 1572 1099 requiem]
1614 1035 1796 1084 Sensus
1817 1034 1967 1096 hujus
1990 1049 2156 1083 versus
2180 1040 2269 1093 est,
2296 1034 2423 1083 Ger-

434 1099 683 1147 manicum
705 1115 835 1162 saepe
858 1099 1064 1148 aliorum
1083 1100 1183 1147 vita
1205 1100 1558 1161 defunctorum,
1581 1107 1631 1149 et
1653 1100 1850 1164 quidem
1870 1100 2162 1161 ignotorum,
2196 1100 2427 1149 manibus

435 1164 624 1212 dedisse
645 1164 856 1225 inferias,
893 1165 1090 1227 proinde
1122 1164 1254 1213 idem
1289 1166 1482 1228 pietatis
1526 1166 1756 1222 officium,
1791 1165 1921 1227 quod
1940 1164 2045 1226 ipse
2066 1179 2195 1226 saepe
2216 1164 2427 1213 aliorum

435 1229 640 1277 tumulis
673 1230 977 1293 praestiterat,
1007 1230 1118 1291 jure
1151 1230 1244 1277 sibi
1279 1230 1428 1277 etiam
1463 1231 1680 1279 exhiberi
1712 1230 1849 1293 petit,
1886 1236 1936 1277 et
1954 1236 2083 1277 recte
2107 1229 2427 1278 Casaubonus

434 1293 533 1341 huc
565 1294 734 1342 retulit
764 1294 910 1341 verba
947 1294 1166 1343 Suetonii
1185 1295 1238 1343 in
1272 1294 1431 1357 Calig.
1469 1311 1575 1358 cap.
1600 1297 1648 1355 3,
1683 1295 1741 1343 de
1766 1294 2087 1343 Germanico:
2123 1293 2287 1343 Sicubi
2322 1296 2424 1343 cla-

433 1374 597 1406 rorum
617 1360 826 1407 virorum
846 1358 1091 1421 sepulchra
1114 1365 1417 1421 coynosceret,
1438 1362 1639 1422 inferias
1659 1359 1877 1407 manibus
1897 1358 2061 1407 dabat.

502 1424 551 1471 3.
589 1423 727 1479 Quod
745 1427 787 1471 si
810 1439 946 1486 quem
980 1424 1153 1471 tumuli
1184 1423 1309 1471 nihil
1340 1424 1505 1487 hujus]
1542 1427 1671 1474 tituli
1702 1424 1882 1472 rectius
1902 1439 1931 1470 a
1965 1423 2032 1469 ud
2052 1422 2339 1480 Marullum,
2368 1430 2427 1472 ut

435 1487 653 1545 videtur;
687 1503 802 1536 nam
837 1504 991 1551 quum
1025 1490 1182 1550 primo
1223 1504 1366 1536 versu
1403 1490 1719 1553 praecesserit,
1755 1487 1910 1537 Parce
1992 1502 2092 1549 spes
2114 1486 2309 1548 tumulo,
2342 1488 2425 1536 hic

435 1552 596 1599 denuo
618 1553 839 1601 eamdem
861 1568 1030 1601 vocem
1049 1568 1294 1602 recurrere
1315 1554 1583 1617 inelegans,
1608 1560 1657 1603 et
1676 1555 1737 1602 ab
1758 1552 2139 1616 Epigrammatis
2159 1552 2307 1614 hujus
2323 1552 2423 1601 ele-

435 1618 604 1679 gantia
625 1618 866 1667 abhorret.
933 1618 1234 1681 Frequenter
1277 1628 1442 1667 autem
1483 1620 1591 1668 hoec
1631 1620 1843 1669 invicem
1884 1617 2173 1667 commutari
2215 1617 2425 1667 vidimus

437 1697 497 1730 su
531 1698 598 1731 ra.

497 1698 550 1795 Ξ.
585 1746 847 1795 Admoneat
875 1750 1047 1809 patric
1071 1747 1254 1809 fraude
1291 1750 1415 1811 quod
1449 1747 1528 1797 hic
1556 1746 1737 1812 jacea]
1776 1746 1856 1795 Sic
1876 1746 2027 1795 edidit
2058 1746 2296 1795 Pithoeus.
2359 1748 2427 1795 At

438 1818 638 1871 moveat,
671 1815 838 1874 patria
858 1812 1042 1873 fraude
1078 1818 1236 1860 exstat
1267 1814 1396 1876 apud
1433 1813 1722 1872 Marullum,
1762 1812 1910 1875 idque
1940 1810 2076 1859 libris
2096 1813 2199 1861 suis
2219 1812 2425 1875 adscrip-

439 1885 605 1925 serant
643 1877 909 1925 Scriverius
950 1885 1000 1924 et
1040 1877 1292 1926 Heinsius.
1390 1877 1439 1925 N
1443 1894 1499 1925 ec
1539 1878 1680 1926 aliter
1720 1877 2005 1925 emendabat
2047 1877 2317 1925 Casaubon.
2364 1878 2427 1924 ad

443 1941 644 1990 Sueton.
669 1941 824 2003 Calig.
847 1957 950 2005 cap.
973 1944 1020 2000 5,
1043 1943 1126 1991 ubi
1150 1949 1306 1990 totum
1343 1941 1436 1990 hoc
1469 1958 1664 1991 carmen
1702 1942 1871 2000 adfert,
1906 1942 2051 2005 idque
2084 1940 2353 2004 elegantius
2376 1948 2426 1990 et

441 2006 504 2053 ad
523 2006 738 2055 historiae
767 2007 914 2055 fidem
947 2007 1312 2056 convenientius
1345 2007 1438 2055 sibi
1472 2008 1627 2055 videri
1663 2007 1811 2055 addit.
1879 2006 2024 2056 Quod
2045 2006 2231 2055 adtinet
2248 2006 2310 2055 ad
2331 2007 2427 2069 pri-

441 2085 576 2119 orem
597 2071 1000 2129 emendationem,
1033 2074 1103 2120 At
1123 2076 1320 2129 moveat,
1353 2087 1439 2135 pro
1461 2072 1727 2129 admoneat,
1747 2072 1864 2120 lieet
1882 2070 2006 2119 iUud
2027 2071 2208 2119 ibidem
2232 2072 2427 2119 Graevio

442 2150 496 2183 se
516 2136 753 2198 probaret,
790 2136 914 2183 mihi
948 2143 1112 2185 tamen
1133 2150 1230 2184 non
1253 2136 1443 2184 videtur
1461 2136 1831 2185 admittendum.
1895 2136 2155 2185 Admonere
2178 2136 2309 2183 enim
2330 2137 2424 2183 ele-

442 2201 579 2262 ganti
617 2200 967 2263 significatione
1001 2201 1178 2249 dicitur
1215 2216 1360 2249 omne
1393 2202 1461 2261 id,
1514 2200 1645 2264 quod
1678 2201 1841 2264 aliquo
1877 2215 1992 2248 cum
2028 2200 2197 2249 aculeo
2236 2216 2292 2249 ac
2329 2201 2426 2249 telo

442 2265 591 2313 alicui
623 2266 676 2313 in
711 2267 999 2313 memoriam
1035 2266 1189 2314 redit:
1223 2272 1278 2313 ut
1313 2266 1506 2329 egregie
1541 2266 1672 2314 hunc
1711 2266 1843 2314 vocis
1880 2280 2029 2313 usum
2064 2264 2429 2315 illustraverunt

447 2330 663 2379 Gronov.
688 2330 896 2380 Dian-ib.
919 2330 1120 2379 Statian.
1143 2346 1246 2394 cap.
1268 2331 1464 2379 XLIX.
1500 2331 1672 2379 Heius.
1694 2331 1757 2379 ad
1777 2330 1920 2378 ovid.
1944 2330 2103 2393 Epist.
2126 2330 2230 2379 ΙΙΙ.
2246 2346 2296 2378 v.
2317 2332 2425 2387 132,

446 2402 498 2443 et
527 2395 656 2444 notis
697 2395 894 2445 ineditis
933 2396 992 2443 ad
1031 2396 1183 2444 Tacit.
1222 2396 1282 2444 de
1317 2396 1487 2444 morib.
1526 2396 1692 2444 Germ.
1735 2411 1841 2459 cap.
1874 2394 2152 2444 XXXVII.
2216 2395 2428 2444 Patruus

444 2474 587 2508 meus
622 2460 684 2508 ad
720 2460 862 2508 ovid.
900 2460 1060 2523 Epist.
1083 2460 1198 2509 XV.
1221 2461 1329 2515 104.
1367 2467 1417 2509 et
1438 2461 1714 2509 Broukhus.
1738 2461 1799 2508 ad
1832 2460 2013 2509 Tibull.
2050 2460 2164 2508 Lib.
2187 2459 2231 2507 1.
2270 2460 2353 2511 El.
2379 2461 2426 2519 6,

444 2539 494 2572 v.
517 2526 567 2572 4.
631 2524 859 2573 Alterum
878 2524 1004 2573 illud
1014 2525 1366 2587 patriaftaude
1387 2526 1549 2573 verius
1570 2532 1659 2582 est,
1680 2525 1777 2573 nisi
1797 2540 1911 2573 eum
1935 2525 2129 2573 Graevio
2151 2532 2200 2573 et
2221 2524 2428 2573 Heinsio

445 2589 590 2637 malis
620 2596 798 2651 patma
817 2591 1016 2653 fraude,
1069 2597 1126 2638 ut
1156 2590 1399 2653 intelligat
1431 2590 1568 2637 dolos
1602 2590 1783 2638 Tiberii
1819 2590 2041 2648 Caesaris,
2078 2589 2255 2651 quibus
2285 2590 2431 2652 periit

449 2654 787 2713 Germanicus,
810 2655 924 2716 (vid.
951 2654 1148 2702 Sueten.
1174 2654 1333 2717 Calig.
1367 2670 1470 2717 cap.
1493 2655 1545 2715 2)
1582 2655 1723 2717 cujus
1742 2661 1879 2717 pater
1897 2669 1984 2716 per
2000 2654 2307 2717 adoptionem
2328 2661 2431 2703 erat

447 2719 686 2778 Tiberius,
707 2725 880 2767 natura
895 2734 1008 2767 vero
1029 2726 1243 2783 pannus.
1308 2720 1432 2767 Vide
1457 2719 1703 2767 Drakenb.
1726 2718 1787 2767 ad
1810 2718 2004 2775 Silium,
2030 2718 2137 2766 Lib.
2154 2717 2267 2766 XV.
2287 2734 2335 2767 v.
2352 2721 2429 2769 10.

449 2783 565 2831 Huc
601 2791 822 2846 spectant
860 2784 1106 2833 Iussum
1149 2784 1468 2832 Ganuamcl
1508 2790 1787 2831 memoratae
1807 2783 1861 2831 in
1884 2784 2002 2833 Tab.
2037 2783 2306 2843 Antiatina,
2343 2784 2429 2831 ubi

448 2848 558 2895 vide
590 2848 760 2911 Vulpii
795 2856 950 2907 notas,
989 2864 1041 2911 p.
1061 2850 1140 2896 35.
1208 2848 1406 2897 Clarias.
1444 2848 1825 2910 Cannegieterus
1860 2848 2008 2897 etiam
2028 2849 2089 2895 ad
2109 2848 2286 2896 Avieni
2308 2849 2429 2899 Fab.

448 2912 647 2960 XXVI.
674 2928 784 2975 pag.
809 2915 919 2975 156,
943 2914 1183 2971 emendat,
1207 2913 1269 2962 At
1290 2920 1486 2971 moveat,
1500 2916 1681 2976 patria,
1706 2913 1782 2961 vel
1798 2916 1965 2976 patrui
1971 2914 2171 2975 fraude.
2238 2912 2428 2963 Quam-

448 2978 524 3025 vis
543 2985 708 3025 autem
727 2994 900 3041 parum
917 2978 1096 3027 referre
1116 2978 1266 3026 videri
1286 2987 1464 3041 posset,
1485 2994 1547 3025 an
1561 2984 1757 3040 patruo,
1790 2984 1877 3026 aut
1890 2981 2057 3040 patria
2075 2977 2281 3039 legatur,
2315 2979 2433 3041 quia

447 3050 712 3105 utrumque
732 3043 792 3091 de
813 3042 1005 3091 'liberio
1037 3042 1426 3105 intelligendum,
1465 3044 1731 3106 amplector
1750 3050 1914 3091 tamen
1934 3042 2103 3091 Patrui
2123 3042 2221 3090 mei
2242 3050 2430 3091 senten-

449 3108 585 3165 tiam,
619 3108 704 3169 qui
723 3109 786 3155 ad
807 3108 1008 3156 Sueton.
1026 3109 1231 3166 monuit,
1253 3109 1432 3156 rectius
1451 3123 1558 3155 esse
1572 3108 1941 3171 patriaftaude,
1963 3108 2079 3170 quia
2096 3107 2381 3155 invidiosius
2400 3123 2433 3156 a

449 3179 585 3234 patre
607 3187 755 3234 quam
774 3188 805 3220 a
826 3179 996 3235 patruo
1031 3172 1201 3228 occidi,
1237 3188 1395 3235 neque
1433 3188 1625 3235 semper
1664 3172 1869 3221 Heinsio
1899 3172 2271 3220 auscultandum
2307 3187 2429 3231 esse,

450 3236 536 3285 ubi
568 3252 737 3285 vocem
771 3237 908 3286 illam
941 3243 1144 3300 patrum
1177 3237 1354 3300 ubique
1385 3238 1484 3285 fere
1504 3236 1731 3285 inculcat.
1795 3237 1919 3284 Vide
1943 3238 2004 3284 ad
2025 3236 2167 3285 Ovid.
2190 3237 2299 3285 Lib.
2323 3236 2432 3287 ΙΙΙ.

451 3300 570 3351 Am.
605 3302 685 3349 El.
720 3303 768 3359 6,
805 3318 850 3349 v.
872 3302 952 3359 49,
987 3310 1036 3349 et
1072 3301 1162 3349 IV.
1197 3302 1325 3349 Fast.
1363 3304 1442 3359 55,
1489 3305 1653 3363 patria
1682 3302 1833 3364 igitur
1872 3303 2021 3364 fraus
2053 3317 2141 3365 pro
2176 3302 2340 3364 patris,
2376 3309 2431 3349 ut

445 3369 616 3427 patrioe
647 3382 812 3429 preces
847 3366 1044 3415 Senecae
1067 3365 1213 3414 Herc.
1239 3367 1351 3416 Fur.
1381 3382 1424 3415 v.
1452 3366 1593 3425 1272,
1616 3366 1687 3415 bis
1702 3370 1872 3428 patriae
1894 3368 2095 3415 cecidere
2114 3381 2283 3414 manus
2302 3368 2433 3429 apud

451 3430 588 3493 Virg.
607 3431 700 3479 VI.
723 3431 842 3479 AEn.
877 3448 922 3479 v.
946 3433 1024 3488 33,
1050 3432 1109 3478 de
1133 3431 1352 3489 Daedalo,
1385 3434 1551 3494 patria
1570 3438 1734 3494 raptus
1752 3431 1813 3480 ab
1832 3436 1941 3495 ique
1958 3446 2105 3480 manu
2124 3432 2253 3494 apud
2286 3432 2431 3480 Ovid.

453 3494 558 3543 ΙΙΙ.
592 3497 723 3544 Fast-
759 3498 872 3555 504,
903 3498 1070 3559 patria
1089 3512 1226 3545 arma
1245 3497 1298 3543 in
1319 3497 1489 3560 Epigr.
1511 3496 1571 3544 de
1594 3496 1819 3558 Caligula
1854 3498 1980 3560 apud
2020 3496 2219 3545 Sueton.
2253 3512 2360 3559 cap.
2381 3499 2429 3557 8,

449 3560 874 3673 ζῖιὶξαείηεπαωε,
908 3565 1080 3624 patriis
1113 3564 1322 3610 nutritus
1351 3565 1406 3611 in
1435 3565 1598 3620 amis,
1634 3562 1719 3609 ubi
1740 3562 1869 3610 male
1888 3562 1941 3610 in
1960 3562 2069 3610 aliis
2094 3563 2269 3625 patris,
2290 3570 2341 3610 et
2360 3562 2432 3609 sic

551 3642 568 3673 1
586 3641 785 3687 passim.

520 3692 569 3737 5.
609 3691 837 3747 Quamvis
869 3705 966 3737 mm
998 3694 1105 3739 vitoe
1126 3696 1172 3737 et
1188 3690 1354 3753 plenus
1388 3688 1604 3753 honoris]
1640 3690 1795 3739 Recte
1820 3690 2083 3739 Scriverius
2104 3697 2155 3739 et
2176 3689 2430 3750 Heinsius,

453 3756 687 3817 aeplenm
707 3754 908 3805 honores.
973 3754 1217 3803 Marullus
1253 3756 1399 3816 dedit,
1433 3762 1486 3803 at
1514 3756 1962 3818 plenus'honorum.
2032 3755 2095 3803 At
2124 3754 2269 3803 etiam
2302 3756 2433 3817 apud

456 3820 812 3869 Casaubonum.
878 3820 989 3868 Hoc
1006 3820 1121 3868 licet
1151 3820 1344 3869 levioris
1379 3820 1450 3868 rei
1485 3836 1591 3869 esse
1630 3835 1729 3868 non
1766 3835 1956 3881 negem,
1994 3835 2125 3881 saepe
2145 3828 2307 3867 tamen
2327 3820 2429 3868 ani-

453 3885 703 3942 madverti,
740 3885 964 3933 voculam
999 3886 1160 3945 istam,
1199 3901 1308 3949 quae
1330 3885 1390 3933 ad
1411 3885 1685 3948 oppositum
1708 3885 1953 3947 eleganter
1969 3884 2154 3942 transit,
2174 3900 2203 3931 a
2224 3884 2432 3933 librariis

451 3956 689 3997 mutatam
703 3956 790 3997 aut
807 3951 1054 4005 omissam,
1087 3950 1192 3997 loca
1211 3949 1446 3997 nonnulla
1465 3951 1703 4008 turbasse,
1726 3957 1775 3997 et
1796 3965 1827 3997 a
1848 3949 1963 3997 viris
1984 3950 2137 3997 doctis
2160 3957 2429 4011 opportune

453 4016 743 4074 restitutam,
783 4030 980 4063 sensum
1022 4014 1218 4062 illorum
1259 4015 1515 4077 adjuvisse.
1594 4014 1743 4077 Apud
1782 4014 1920 4076 Virg.
1957 4014 2025 4063 X.
2061 4014 2175 4063 AEn.
2219 4030 2266 4061 v.
2304 4016 2427 4062 881:

456 4080 650 4129 Desine.
671 4080 782 4143 jam
803 4082 938 4129 venio
957 4081 1222 4129 moriturus.
1289 4081 1352 4129 At
1375 4080 1468 4129 lucc
1489 4078 1579 4129 tibi
1606 4084 1747 4143 porto
1774 4078 1915 4127 Dona
1944 4082 2095 4142 prius.
2162 4078 2242 4127 Sic
2264 4080 2431 4127 scribit
