2992 4842
579 565 667 632 54
1416 585 1730 631 scnomA.

579 725 887 792 cendisse.
980 723 1283 811 Cumque
1313 749 1352 790 a
1375 735 1546 791 terra
1575 726 1766 791 altius
1794 725 2133 802 levaretur,
2166 746 2303 810 prae
2340 724 2571 789 timore

575 812 648 876 in
677 811 1034 877 Eridanum
1063 811 1353 889 fluvium,
1388 812 1503 896 qui
1532 823 1600 876 et
1630 812 1845 878 Padus
1892 812 2145 888 dicitur,
2192 810 2445 887 cecidit,
2488 813 2571 875 ab

576 897 736 964 Jove
782 897 1052 962 fulmine
1101 917 1478 981 percussus3
1526 909 1594 962 et
1650 898 1865 962 omnia
1918 897 2141 962 ardere
2186 908 2568 980 coeperunt3

576 1005 894 1068 causaque
943 983 1369 1066 extinguendi
1413 983 1741 1049 universos
1787 1005 2009 1048 amnes
2050 983 2363 1046 immissos
2410 1004 2571 1061 esse,

576 1091 896 1153 omneque
926 1068 1294 1133 mortalium
1323 1091 1531 1152 genus
1575 1069 1917 1145 interiisse,
1964 1079 2204 1154 praeter
2251 1066 2568 1151 Pyrrham

575 1166 642 1219 et
673 1154 1155 1220 Deucalionem.
1217 1151 1479 1220 Sorores
1510 1176 1767 1240 quoque
1800 1154 2223 1220 Phaethontis
2250 1153 2569 1216 flentesin

573 1241 833 1304 arbores
882 1240 1158 1324 populos
1217 1262 1418 1304 versae
1467 1251 1645 1318 sunt,
1703 1240 2156 1323 lachrimaeque
2218 1260 2439 1302 earum
2496 1239 2567 1301 in

577 1325 910 1390 Electrum
941 1326 1168 1390 durare
1199 1326 1524 1403 dicuntur,
1559 1326 1997 1410 Heliadesque
2027 1324 2386 1408 appellatoe,
2408 1324 2567 1408 ipsoe

573 1423 792 1475 autem
822 1412 1081 1475 nomina
1109 1411 1432 1488 habuisse,
1461 1411 1755 1496 Merope,
1789 1410 2006 1488 Helie,
2040 1410 2258 1494 AEgle,
2283 1409 2563 1492 AEgiale,

572 1494 789 1573 Petre,
825 1496 1098 1574 Phoebe,
1122 1496 1398 1578 Chaerie‚
1417 1497 1768 1582 Dioxippe.
1863 1496 2118 1581 Cycnus
2138 1518 2417 1580 quoque,
2444 1517 2567 1558 rex

571 1580 880 1666 Liguriae,
931 1581 1352 1646 Phaethontis
1398 1583 1823 1668 propinquuS,
1872 1582 2027 1646 dum
2057 1582 2264 1658 fleret,
2294 1581 2363 1644 in
2394 1578 2565 1665 Cyc-

569 1689 729 1732 num
759 1690 1094 1732 conversus
1119 1681 1238 1743 est,
1270 1668 1337 1732 id
1365 1690 1625 1752 quoque
1656 1691 1921 1732 monens
1960 1668 2172 1732 flebile
2210 1667 2403 1731 canit.
2494 1665 2565 1730 A

573 1754 953 1837 quibusdam
983 1776 1131 1818 vero
1163 1752 1378 1831 Nilus,
1411 1755 1523 1838 qui
1554 1765 1623 1818 et
1653 1754 1831 1818 Grion
1860 1753 2289 1828 existimatur,
2320 1763 2389 1816 et
2414 1751 2563 1816 ideo

569 1838 740 1902 inter
768 1840 974 1903 sidera
1003 1839 1366 1916 collocatuS,
1399 1840 1575 1924 quod
1602 1863 1641 1903 a
1674 1839 2039 1904 meridianis
2083 1839 2374 1922 partibus
2420 1859 2565 1901 cur-

569 1946 713 1988 sum
746 1924 1000 2008 dirigat.
1090 1924 1214 1989 Est
1243 1936 1459 1989 autem
1487 1925 1665 1989 sidus
1688 1925 2038 1990 multarum
2066 1923 2396 1987 stellarum
2415 1923 2561 1987 luce

575 2009 978 2088 adornatum,
1009 2021 1078 2074 et
1107 2011 1398 2096 subjacet
1427 2011 1486 2075 ei
1516 2010 1722 2088 stella,
1755 2032 1903 2095 quae
1932 2020 2195 2074 vocatur
2229 2005 2561 2093 CanopuS,

568 2095 698 2160 sive
731 2094 1128 2160 Ptolemaeon
1159 2097 1525 2180 splendens,
1580 2096 1917 2180 tangitque
1948 2106 2274 2160 temonem
2322 2094 2557 2158 Navis:

569 2191 838 2265 apparet
868 2191 1085 2245 autem
1113 2180 1492 2259 humillima,
1526 2205 1603 2246 eo
1633 2183 1805 2266 quod
1835 2182 2001 2246 circa
2030 2193 2265 2245 terram
2296 2203 2433 2244 esse
2472 2180 2563 2244 vi-

569 2267 778 2344 detur,
809 2278 876 2331 et
906 2265 1156 2330 nullum
1185 2268 1362 2332 sidus
1389 2268 1657 2332 inferius
1686 2279 1973 2353 apparet,
2006 2267 2090 2331 ob
2122 2265 2295 2350 quod
2330 2277 2561 2330 terres-

571 2351 684 2416 tris
705 2363 988 2417 vocatur.
1080 2352 1302 2418 Habet
1325 2363 1541 2418 autem
1570 2354 1805 2432 stellas,
1835 2354 1905 2418 in
1934 2353 2140 2438 primo
2179 2352 2363 2416 flexu
2402 2374 2561 2436 qua-

569 2448 738 2516 tuor,
758 2438 828 2501 in
851 2438 1131 2502 secundo
1156 2450 1303 2517 tres,
1327 2440 1397 2504 in
1420 2440 1615 2504 tertio
1638 2450 1789 2517 tres,
1814 2461 2023 2523 usque
2044 2440 2127 2503 ad
2148 2437 2561 2502 novissimum

567 2545 636 2586 se
685 2534 838 2601 tem,
871 2546 1028 2608 quas
1056 2525 1282 2591 dicunt
1309 2526 1380 2590 in
1402 2548 1511 2590 ore
1537 2524 1673 2589 Nili
1694 2525 1872 2590 fluvii
1896 2548 2053 2590 esse.
2144 2522 2317 2590 Sunt
2338 2546 2560 2589 omnes

567 2606 642 2672 X
715 2608 811 2674 II.

655 2693 858 2761 Piscis
905 2717 1199 2779 magnus,
1247 2697 1428 2782 cujus
1478 2706 1746 2780 nepotes
1796 2695 2102 2760 dicuntur
2154 2693 2391 2772 Pisces,
2446 2695 2560 2778 qui

569 2779 804 2844 circulo
831 2781 1092 2845 zodiaco
1111 2782 1442 2846 constituti
1464 2793 1639 2859 sunt,
1665 2782 1898 2846 dicitur
1912 2783 1981 2846 in
2004 2793 2175 2846 astra
2194 2780 2563 2862 collocatuS,
2628 2813 2649 2832 ν

570 2888 645 2929 eo
711 2867 839 2930 uod
855 2867 1152 2932 decidens
1173 2868 1240 2932 in
1268 2867 1479 2932 Boeth
1499 2879 1745 2951 stagno,
1769 2866 2085 2944 PhacetiS,
2108 2867 2243 2932 filia
2256 2865 2557 2944 Veneris„

567 2951 637 3016 in
666 2889 932 3016 qPiscem
974 2953 1058 3016 sit
1101 2954 1572 3036 transfigurata,
1615 2976 1809 3038 quam
1854 2953 2002 3038 Syri
2044 2953 2229 3017 deam
2268 2953 2559 3016 nomina-

566 3047 820 3102 verunt.
914 3037 1198 3104 Quidam
1243 3051 1458 3104 autem
1489 3040 1733 3117 dicunt,
1826 3039 1955 3103 uod
1986 3039 2065 3102 de
2096 3049 2323 3120 stagno
2360 3037 2558 3102 filiam

568 3120 846 3187 Veneris
893 3125 1244 3190 salvaverit.
1336 3124 1530 3190 Unde
1560 3147 1767 3210 usque
1844 3125 1985 3189 odie
2018 3123 2167 3207 Syri
2199 3122 2415 3188 Pisces
2461 3146 2561 3187 ar-

567 3219 833 3292 genteos
861 3209 931 3272 in
960 3209 1203 3294 templo
1247 3221 1675 3276 sacraverunt.
1767 3211 1890 3276 Est
1936 3222 2154 3274 autem
2192 3209 2449 3292 signum
2488 3210 2558 3272 in

568 3305 752 3442 parte
801 3295 1084 3373 australi,
1135 3297 1307 3382 quod
1340 3296 1633 3360 Piscibus
1682 3295 2039 3360 orientibus
2086 3295 2313 3371 oritur,
2366 3317 2559 3378 quem

627 3378 820 3442 iscem
850 3381 1072 3446 dicunt
1096 3380 1368 3465 Aquarii
1387 3405 1571 3446 urnae
1592 3383 1825 3446 habere
1848 3382 2243 3446 effusionem.
2336 3379 2561 3445 Habet

569 3474 788 3528 autem
825 3465 1038 3530 stellas
1080 3466 1256 3545 XII,
1300 3490 1335 3531 e
1367 3469 1601 3552 quibus
1643 3490 1773 3532 una
1807 3468 2014 3532 fertur
2050 3490 2187 3531 esse
2218 3467 2341 3531 sub
2379 3467 2559 3550 pedi-

568 3550 692 3613 bus
721 3550 1018 3636 Aquarii,
1065 3563 1131 3616 et
1153 3564 1284 3618 tres
1312 3552 1382 3618 in
1414 3553 1685 3618 brachiis
1724 3555 1883 3619 εἰπε.
1973 3552 2145 3637 Ipsae
2182 3563 2401 3617 autem
2434 3553 2559 3616 cla-

567 3635 766 3701 riores
819 3660 955 3701 esse
1007 3639 1251 3702 caeteris
1301 3651 1674 3705 noscuntur.
1805 3650 1949 3704 nter
1998 3639 2138 3704 haec
2189 3650 2345 3704 sunt
2390 3649 2558 3703 astra

569 3720 699 3786 sive
730 3723 931 3807 signa,
964 3747 1112 3810 quae
1143 3724 1432 3790 Planetae
1463 3725 1889 3810 appellantur.

657 3808 1016 3876 Sacrarium
1055 3813 1230 3897 quod
1269 3821 1336 3875 et
1375 3810 1624 3875 Pharus
1660 3811 1911 3888 dicitur,
1954 3819 2054 3875 est
2089 3811 2348 3894 signum
2384 3809 2559 3874 navi-

567 3895 870 3977 gantibus
897 3919 1150 3982 semper
1188 3897 1598 3975 contrarium,
1641 3898 1816 3984 quod
1852 3898 2146 3983 sequitur
2191 3896 2557 3981 Scorpionis

568 3981 852 4046 caudam.
943 3981 1138 4049 Quod
1155 3983 1416 4069 quidam
1435 3983 1717 4048 locatum
1736 3985 1909 4050 inter
1925 3994 2095 4048 astra
2117 3982 2361 4062 dicunt,
2383 3985 2555 4068 quod

569 4065 638 4129 in
667 4089 746 4131 eo
784 4067 872 4132 dii
911 4069 1190 4153 primum
1237 4080 1468 4135 mutuo
1519 4071 2023 4156 conjurationem
2046 4070 2361 4153 fecerunt,
2409 4092 2556 4135 cum
