<?xml version="1.0" encoding="UTF-8"?>
<!DOCTYPE html PUBLIC "-//W3C//DTD XHTML 1.0 Transitional//EN"
    "http://www.w3.org/TR/xhtml1/DTD/xhtml1-transitional.dtd">
<html xmlns="http://www.w3.org/1999/xhtml" xml:lang="en" lang="en">
 <head>
  <title>
</title>
<meta http-equiv="Content-Type" content="text/html;charset=utf-8" />
  <meta name='ocr-system' content='tesseract 3.04.00' />
  <meta name='ocr-capabilities' content='ocr_page ocr_carea ocr_par ocr_line ocrx_word'/>
</head>
<body>
  <div class='ocr_page' id='page_1' title='image "./germanicicaesar00aratgoog_0084.png"; bbox 0 0 2992 4842; ppageno 0'>
   <div class='ocr_carea' id='block_1_1' title="bbox 572 567 1724 636">
    <p class='ocr_par' dir='ltr' id='par_1_1' title="bbox 572 567 1724 636">
     <span class='ocr_line' id='line_1_1' title="bbox 572 567 1724 636; baseline 0.001 -5"><span class='ocrx_word' id='word_1_1' title='bbox 572 567 659 632; x_wconf 74' lang='lat'><strong>52</strong></span> <span class='ocrx_word' id='word_1_2' title='bbox 1408 583 1724 636; x_wconf 81' lang='lat' dir='ltr'><strong>scHoLlA.</strong></span> 
     </span>
    </p>
   </div>
   <div class='ocr_carea' id='block_1_2' title="bbox 559 726 2560 4154">
    <p class='ocr_par' dir='ltr' id='par_1_2' title="bbox 564 726 2560 1497">
     <span class='ocr_line' id='line_1_2' title="bbox 568 726 2560 814; baseline 0.001 -23"><span class='ocrx_word' id='word_1_3' title='bbox 568 728 638 792; x_wconf 91' lang='lat' dir='ltr'><strong>in</strong></span> <span class='ocrx_word' id='word_1_4' title='bbox 666 726 889 811; x_wconf 88' lang='lat' dir='ltr'><strong>lingua</strong></span> <span class='ocrx_word' id='word_1_5' title='bbox 916 749 1135 805; x_wconf 83' lang='lat' dir='ltr'><strong>unam,</strong></span> <span class='ocrx_word' id='word_1_6' title='bbox 1180 750 1371 813; x_wconf 88' lang='lat' dir='ltr'><strong>quam</strong></span> <span class='ocrx_word' id='word_1_7' title='bbox 1415 729 1656 794; x_wconf 89' lang='lat' dir='ltr'><strong>Sirium</strong></span> <span class='ocrx_word' id='word_1_8' title='bbox 1689 729 1789 794; x_wconf 87' lang='lat' dir='ltr'><strong>vel</strong></span> <span class='ocrx_word' id='word_1_9' title='bbox 1831 727 2072 793; x_wconf 85' lang='lat' dir='ltr'><strong>Canem</strong></span> <span class='ocrx_word' id='word_1_10' title='bbox 2109 739 2360 807; x_wconf 83' lang='lat' dir='ltr'><strong>vocant,</strong></span> <span class='ocrx_word' id='word_1_11' title='bbox 2415 749 2560 814; x_wconf 82' lang='lat' dir='ltr'><strong>quae</strong></span> 
     </span>
     <span class='ocr_line' id='line_1_3' title="bbox 569 814 2559 899; baseline 0.003 -24"><span class='ocrx_word' id='word_1_12' title='bbox 569 835 802 896; x_wconf 87' lang='lat' dir='ltr'><strong>magna</strong></span> <span class='ocrx_word' id='word_1_13' title='bbox 826 824 927 877; x_wconf 90' lang='lat' dir='ltr'><strong>est</strong></span> <span class='ocrx_word' id='word_1_14' title='bbox 954 825 1021 878; x_wconf 88' lang='lat' dir='ltr'><strong>et</strong></span> <span class='ocrx_word' id='word_1_15' title='bbox 1043 815 1395 899; x_wconf 87' lang='lat' dir='ltr'><strong>splendida,</strong></span> <span class='ocrx_word' id='word_1_16' title='bbox 1418 817 1487 879; x_wconf 92' lang='lat' dir='ltr'><strong>in</strong></span> <span class='ocrx_word' id='word_1_17' title='bbox 1507 815 1670 880; x_wconf 90' lang='lat' dir='ltr'><strong>collo</strong></span> <span class='ocrx_word' id='word_1_18' title='bbox 1689 815 1868 893; x_wconf 84' lang='lat' dir='ltr'><strong>duas,</strong></span> <span class='ocrx_word' id='word_1_19' title='bbox 1894 815 1964 877; x_wconf 87' lang='lat' dir='ltr'><strong>in</strong></span> <span class='ocrx_word' id='word_1_20' title='bbox 1987 814 2254 898; x_wconf 84' lang='lat' dir='ltr'><strong>singulis</strong></span> <span class='ocrx_word' id='word_1_21' title='bbox 2273 815 2559 880; x_wconf 89' lang='lat' dir='ltr'><strong>humeris</strong></span> 
     </span>
     <span class='ocr_line' id='line_1_4' title="bbox 568 898 2558 986; baseline 0.001 -24"><span class='ocrx_word' id='word_1_22' title='bbox 568 898 851 982; x_wconf 84' lang='lat' dir='ltr'><strong>singulas</strong></span> <span class='ocrx_word' id='word_1_23' title='bbox 896 900 1215 978; x_wconf 89' lang='lat' dir='ltr'><strong>obscuras,</strong></span> <span class='ocrx_word' id='word_1_24' title='bbox 1248 901 1318 964; x_wconf 88' lang='lat' dir='ltr'><strong>in</strong></span> <span class='ocrx_word' id='word_1_25' title='bbox 1348 913 1606 986; x_wconf 88' lang='lat' dir='ltr'><strong>pectore</strong></span> <span class='ocrx_word' id='word_1_26' title='bbox 1657 901 1854 966; x_wconf 85' lang='lat' dir='ltr'><strong>claras</strong></span> <span class='ocrx_word' id='word_1_27' title='bbox 1901 901 2080 979; x_wconf 73' lang='lat' dir='ltr'><strong>duae,</strong></span> <span class='ocrx_word' id='word_1_28' title='bbox 2125 901 2195 964; x_wconf 90' lang='lat' dir='ltr'><strong>in</strong></span> <span class='ocrx_word' id='word_1_29' title='bbox 2241 902 2558 964; x_wconf 90' lang='lat' dir='ltr'><strong>anteriore</strong></span> 
     </span>
     <span class='ocr_line' id='line_1_5' title="bbox 567 985 2558 1068; baseline 0.001 -20"><span class='ocrx_word' id='word_1_30' title='bbox 567 985 732 1068; x_wconf 91' lang='lat' dir='ltr'><strong>pede</strong></span> <span class='ocrx_word' id='word_1_31' title='bbox 764 985 1020 1049; x_wconf 90' lang='lat' dir='ltr'><strong>sinistro</strong></span> <span class='ocrx_word' id='word_1_32' title='bbox 1052 997 1199 1064; x_wconf 74' lang='lat' dir='ltr'><strong>treS‚</strong></span> <span class='ocrx_word' id='word_1_33' title='bbox 1228 988 1297 1050; x_wconf 92' lang='lat' dir='ltr'><strong>in</strong></span> <span class='ocrx_word' id='word_1_34' title='bbox 1328 987 1561 1051; x_wconf 84' lang='lat' dir='ltr'><strong>dextro</strong></span> <span class='ocrx_word' id='word_1_35' title='bbox 1601 1009 1796 1050; x_wconf 87' lang='lat' dir='ltr'><strong>unam</strong></span> <span class='ocrx_word' id='word_1_36' title='bbox 1845 987 2099 1063; x_wconf 82' lang='lat' dir='ltr'><strong>claram,</strong></span> <span class='ocrx_word' id='word_1_37' title='bbox 2146 986 2216 1049; x_wconf 89' lang='lat' dir='ltr'><strong>in</strong></span> <span class='ocrx_word' id='word_1_38' title='bbox 2264 997 2558 1050; x_wconf 85' lang='lat' dir='ltr'><strong>extremo</strong></span> 
     </span>
     <span class='ocr_line' id='line_1_6' title="bbox 568 1071 2556 1154; baseline 0.001 -21"><span class='ocrx_word' id='word_1_39' title='bbox 568 1093 762 1154; x_wconf 87' lang='lat' dir='ltr'><strong>supra</strong></span> <span class='ocrx_word' id='word_1_40' title='bbox 809 1071 1064 1135; x_wconf 89' lang='lat' dir='ltr'><strong>dorsum</strong></span> <span class='ocrx_word' id='word_1_41' title='bbox 1112 1082 1265 1148; x_wconf 80' lang='lat' dir='ltr'><strong>treS,</strong></span> <span class='ocrx_word' id='word_1_42' title='bbox 1314 1073 1383 1134; x_wconf 92' lang='lat' dir='ltr'><strong>in</strong></span> <span class='ocrx_word' id='word_1_43' title='bbox 1428 1084 1652 1136; x_wconf 85' lang='lat' dir='ltr'><strong>ventre</strong></span> <span class='ocrx_word' id='word_1_44' title='bbox 1693 1073 1874 1148; x_wconf 82' lang='lat' dir='ltr'><strong>duaS,</strong></span> <span class='ocrx_word' id='word_1_45' title='bbox 1915 1072 1986 1134; x_wconf 90' lang='lat' dir='ltr'><strong>in</strong></span> <span class='ocrx_word' id='word_1_46' title='bbox 2023 1072 2280 1135; x_wconf 84' lang='lat' dir='ltr'><strong>sinistro</strong></span> <span class='ocrx_word' id='word_1_47' title='bbox 2318 1072 2556 1136; x_wconf 86' lang='lat' dir='ltr'><strong>femore</strong></span> 
     </span>
     <span class='ocr_line' id='line_1_7' title="bbox 566 1157 2558 1242; baseline 0.001 -24"><span class='ocrx_word' id='word_1_48' title='bbox 566 1178 784 1233; x_wconf 88' lang='lat' dir='ltr'><strong>unam,</strong></span> <span class='ocrx_word' id='word_1_49' title='bbox 824 1157 894 1219; x_wconf 89' lang='lat' dir='ltr'><strong>in</strong></span> <span class='ocrx_word' id='word_1_50' title='bbox 936 1158 1275 1241; x_wconf 83' lang='lat' dir='ltr'>posteriori</span> <span class='ocrx_word' id='word_1_51' title='bbox 1313 1158 1478 1242; x_wconf 90' lang='lat' dir='ltr'><strong>pede</strong></span> <span class='ocrx_word' id='word_1_52' title='bbox 1520 1158 1778 1221; x_wconf 88' lang='lat' dir='ltr'><strong>sinistro</strong></span> <span class='ocrx_word' id='word_1_53' title='bbox 1815 1179 2034 1233; x_wconf 89' lang='lat' dir='ltr'><strong>unam,</strong></span> <span class='ocrx_word' id='word_1_54' title='bbox 2075 1158 2144 1220; x_wconf 90' lang='lat' dir='ltr'><strong>in</strong></span> <span class='ocrx_word' id='word_1_55' title='bbox 2187 1158 2558 1221; x_wconf 81' lang='lat' dir='ltr'><strong>summitate</strong></span> 
     </span>
     <span class='ocr_line' id='line_1_8' title="bbox 566 1242 2556 1308; baseline 0.002 -4"><span class='ocrx_word' id='word_1_56' title='bbox 566 1243 787 1305; x_wconf 90' lang='lat' dir='ltr'><strong>caudae</strong></span> <span class='ocrx_word' id='word_1_57' title='bbox 808 1264 1021 1307; x_wconf 89' lang='lat' dir='ltr'><strong>unam.</strong></span> <span class='ocrx_word' id='word_1_58' title='bbox 1112 1242 1313 1307; x_wconf 87' lang='lat' dir='ltr'><strong>Fiunt</strong></span> <span class='ocrx_word' id='word_1_59' title='bbox 1334 1267 1556 1307; x_wconf 88' lang='lat' dir='ltr'><strong>omnes</strong></span> <span class='ocrx_word' id='word_1_60' title='bbox 1577 1243 1749 1308; x_wconf 87' lang='lat' dir='ltr'><strong>XX.</strong></span> <span class='ocrx_word' id='word_1_61' title='bbox 1843 1243 2056 1306; x_wconf 88' lang='lat' dir='ltr'><strong>Situm</strong></span> <span class='ocrx_word' id='word_1_62' title='bbox 2081 1253 2296 1306; x_wconf 87' lang='lat' dir='ltr'><strong>autem</strong></span> <span class='ocrx_word' id='word_1_63' title='bbox 2318 1254 2416 1306; x_wconf 87' lang='lat' dir='ltr'><strong>est</strong></span> <span class='ocrx_word' id='word_1_64' title='bbox 2436 1242 2556 1307; x_wconf 91' lang='lat' dir='ltr'><strong>hoc</strong></span> 
     </span>
     <span class='ocr_line' id='line_1_9' title="bbox 568 1327 2559 1414; baseline 0.002 -25"><span class='ocrx_word' id='word_1_65' title='bbox 568 1327 822 1410; x_wconf 86' lang='lat' dir='ltr'><strong>signum</strong></span> <span class='ocrx_word' id='word_1_66' title='bbox 850 1329 1019 1391; x_wconf 89' lang='lat' dir='ltr'><strong>inter</strong></span> <span class='ocrx_word' id='word_1_67' title='bbox 1046 1328 1384 1392; x_wconf 84' lang='lat' dir='ltr'><strong>hiemalem</strong></span> <span class='ocrx_word' id='word_1_68' title='bbox 1414 1330 1754 1414; x_wconf 90' lang='lat' dir='ltr'><strong>tropicum,</strong></span> <span class='ocrx_word' id='word_1_69' title='bbox 1797 1341 1866 1392; x_wconf 93' lang='lat' dir='ltr'><strong>et</strong></span> <span class='ocrx_word' id='word_1_70' title='bbox 1893 1329 2198 1393; x_wconf 84' lang='lat' dir='ltr'><strong>arcticum</strong></span> <span class='ocrx_word' id='word_1_71' title='bbox 2236 1329 2559 1392; x_wconf 87' lang='lat' dir='ltr'><strong>subterra-</strong></span> 
     </span>
     <span class='ocr_line' id='line_1_10' title="bbox 564 1414 1586 1497; baseline 0.007 -23"><span class='ocrx_word' id='word_1_72' title='bbox 564 1435 785 1490; x_wconf 89' lang='lat' dir='ltr'><strong>neum,</strong></span> <span class='ocrx_word' id='word_1_73' title='bbox 818 1414 933 1497; x_wconf 87' lang='lat' dir='ltr'><strong>qui</strong></span> <span class='ocrx_word' id='word_1_74' title='bbox 962 1415 1279 1478; x_wconf 77' lang='lat' dir='ltr'><strong>Australis</strong></span> <span class='ocrx_word' id='word_1_75' title='bbox 1308 1426 1586 1481; x_wconf 89' lang='lat' dir='ltr'><strong>vocatur.</strong></span> 
     </span>
    </p>

    <p class='ocr_par' dir='ltr' id='par_1_3' title="bbox 559 1498 2558 3961">
     <span class='ocr_line' id='line_1_11' title="bbox 652 1498 2556 1584; baseline 0.001 -22"><span class='ocrx_word' id='word_1_76' title='bbox 652 1498 873 1582; x_wconf 90' lang='lat' dir='ltr'><strong>Lepus</strong></span> <span class='ocrx_word' id='word_1_77' title='bbox 905 1501 1025 1563; x_wconf 91' lang='lat' dir='ltr'><strong>sub</strong></span> <span class='ocrx_word' id='word_1_78' title='bbox 1054 1501 1327 1584; x_wconf 88' lang='lat' dir='ltr'><strong>pedibus</strong></span> <span class='ocrx_word' id='word_1_79' title='bbox 1360 1501 1712 1564; x_wconf 85' lang='lat' dir='ltr'><strong>Antecanis</strong></span> <span class='ocrx_word' id='word_1_80' title='bbox 1751 1512 1820 1564; x_wconf 91' lang='lat' dir='ltr'><strong>et</strong></span> <span class='ocrx_word' id='word_1_81' title='bbox 1863 1500 2120 1565; x_wconf 87' lang='lat' dir='ltr'><strong>Orionis</strong></span> <span class='ocrx_word' id='word_1_82' title='bbox 2167 1498 2556 1564; x_wconf 87' lang='lat' dir='ltr'><strong>constitutus</strong></span> 
     </span>
     <span class='ocr_line' id='line_1_12' title="bbox 566 1584 2553 1670; baseline 0.001 -23"><span class='ocrx_word' id='word_1_83' title='bbox 566 1595 684 1648; x_wconf 90' lang='lat' dir='ltr'><strong>est.</strong></span> <span class='ocrx_word' id='word_1_84' title='bbox 778 1584 907 1648; x_wconf 90' lang='lat' dir='ltr'><strong>Hic</strong></span> <span class='ocrx_word' id='word_1_85' title='bbox 938 1586 1171 1650; x_wconf 89' lang='lat' dir='ltr'><strong>dicitur</strong></span> <span class='ocrx_word' id='word_1_86' title='bbox 1204 1586 1461 1650; x_wconf 87' lang='lat' dir='ltr'><strong>Orionis</strong></span> <span class='ocrx_word' id='word_1_87' title='bbox 1492 1609 1715 1650; x_wconf 89' lang='lat' dir='ltr'><strong>canem</strong></span> <span class='ocrx_word' id='word_1_88' title='bbox 1736 1586 1958 1670; x_wconf 88' lang='lat' dir='ltr'><strong>fugere</strong></span> <span class='ocrx_word' id='word_1_89' title='bbox 1982 1586 2290 1650; x_wconf 84' lang='lat' dir='ltr'><strong>venantis.</strong></span> <span class='ocrx_word' id='word_1_90' title='bbox 2381 1585 2553 1649; x_wconf 91' lang='lat' dir='ltr'><strong>Nam</strong></span> 
     </span>
     <span class='ocr_line' id='line_1_13' title="bbox 567 1669 2557 1756; baseline 0.001 -24"><span class='ocrx_word' id='word_1_91' title='bbox 567 1681 644 1733; x_wconf 92' lang='lat' dir='ltr'><strong>ut</strong></span> <span class='ocrx_word' id='word_1_92' title='bbox 673 1682 1036 1734; x_wconf 87' lang='lat' dir='ltr'><strong>venatorem</strong></span> <span class='ocrx_word' id='word_1_93' title='bbox 1066 1695 1216 1735; x_wconf 90' lang='lat' dir='ltr'><strong>eum</strong></span> <span class='ocrx_word' id='word_1_94' title='bbox 1244 1673 1580 1736; x_wconf 85' lang='lat' dir='ltr'><strong>finxerunt</strong></span> <span class='ocrx_word' id='word_1_95' title='bbox 1608 1672 1822 1756; x_wconf 87' lang='lat' dir='ltr'><strong>aliqua</strong></span> <span class='ocrx_word' id='word_1_96' title='bbox 1843 1673 1922 1736; x_wconf 90' lang='lat' dir='ltr'><strong>de</strong></span> <span class='ocrx_word' id='word_1_97' title='bbox 1953 1695 2161 1748; x_wconf 86' lang='lat' dir='ltr'><strong>causa,</strong></span> <span class='ocrx_word' id='word_1_98' title='bbox 2195 1671 2286 1734; x_wconf 85' lang='lat' dir='ltr'><strong>ita</strong></span> <span class='ocrx_word' id='word_1_99' title='bbox 2315 1669 2557 1754; x_wconf 64' lang='grc' dir='ltr'>Βεροι-</span> 
     </span>
     <span class='ocr_line' id='line_1_14' title="bbox 566 1756 2556 1841; baseline 0.001 -23"><span class='ocrx_word' id='word_1_100' title='bbox 566 1779 669 1818; x_wconf 90' lang='lat' dir='ltr'><strong>em</strong></span> <span class='ocrx_word' id='word_1_101' title='bbox 703 1756 763 1818; x_wconf 92' lang='lat' dir='ltr'><strong>ei</strong></span> <span class='ocrx_word' id='word_1_102' title='bbox 794 1758 873 1820; x_wconf 91' lang='lat' dir='ltr'><strong>ad</strong></span> <span class='ocrx_word' id='word_1_103' title='bbox 901 1757 1097 1840; x_wconf 89' lang='lat' dir='ltr'><strong>pedes</strong></span> <span class='ocrx_word' id='word_1_104' title='bbox 1134 1758 1491 1841; x_wconf 85' lang='lat' dir='ltr'><strong>fugientem</strong></span> <span class='ocrx_word' id='word_1_105' title='bbox 1533 1759 1887 1821; x_wconf 83' lang='lat' dir='ltr'><strong>finxerunt.</strong></span> <span class='ocrx_word' id='word_1_106' title='bbox 1983 1757 2267 1822; x_wconf 81' lang='lat' dir='ltr'><strong>Quidam</strong></span> <span class='ocrx_word' id='word_1_107' title='bbox 2315 1767 2556 1839; x_wconf 89' lang='lat' dir='ltr'><strong>negant</strong></span> 
     </span>
     <span class='ocr_line' id='line_1_15' title="bbox 566 1841 2555 1927; baseline 0.001 -23"><span class='ocrx_word' id='word_1_108' title='bbox 566 1852 698 1904; x_wconf 88' lang='lat' dir='ltr'><strong>tam</strong></span> <span class='ocrx_word' id='word_1_109' title='bbox 729 1841 1009 1905; x_wconf 86' lang='lat' dir='ltr'><strong>nobilem</strong></span> <span class='ocrx_word' id='word_1_110' title='bbox 1038 1854 1301 1927; x_wconf 88' lang='lat' dir='ltr'><strong>tamque</strong></span> <span class='ocrx_word' id='word_1_111' title='bbox 1344 1866 1650 1926; x_wconf 85' lang='lat' dir='ltr'><strong>magnum</strong></span> <span class='ocrx_word' id='word_1_112' title='bbox 1690 1854 2078 1921; x_wconf 86' lang='lat' dir='ltr'><strong>venatorem,</strong></span> <span class='ocrx_word' id='word_1_113' title='bbox 2117 1843 2197 1907; x_wconf 91' lang='lat' dir='ltr'><strong>de</strong></span> <span class='ocrx_word' id='word_1_114' title='bbox 2240 1862 2368 1926; x_wconf 88' lang='lat' dir='ltr'><strong>quo</strong></span> <span class='ocrx_word' id='word_1_115' title='bbox 2405 1853 2555 1905; x_wconf 89' lang='lat' dir='ltr'><strong>ante</strong></span> 
     </span>
     <span class='ocr_line' id='line_1_16' title="bbox 564 1925 2557 2013; baseline 0 -23"><span class='ocrx_word' id='word_1_116' title='bbox 564 1927 635 1990; x_wconf 90' lang='lat' dir='ltr'><strong>in</strong></span> <span class='ocrx_word' id='word_1_117' title='bbox 670 1925 1019 2012; x_wconf 88' lang='lat' dir='ltr'><strong>Scorpione</strong></span> <span class='ocrx_word' id='word_1_118' title='bbox 1060 1929 1241 2012; x_wconf 88' lang='lat' dir='ltr'><strong>signo</strong></span> <span class='ocrx_word' id='word_1_119' title='bbox 1284 1929 1586 2006; x_wconf 78' lang='lat' dir='ltr'><strong>diximUS,</strong></span> <span class='ocrx_word' id='word_1_120' title='bbox 1630 1940 1696 1992; x_wconf 93' lang='lat' dir='ltr'><strong>et</strong></span> <span class='ocrx_word' id='word_1_121' title='bbox 1733 1939 1960 2013; x_wconf 88' lang='lat' dir='ltr'><strong>postea</strong></span> <span class='ocrx_word' id='word_1_122' title='bbox 1996 1929 2067 1991; x_wconf 88' lang='lat' dir='ltr'><strong>in</strong></span> <span class='ocrx_word' id='word_1_123' title='bbox 2113 1929 2314 2012; x_wconf 90' lang='lat' dir='ltr'><strong>ipsius</strong></span> <span class='ocrx_word' id='word_1_124' title='bbox 2349 1927 2557 2010; x_wconf 85' lang='lat' dir='ltr'><strong>figura</strong></span> 
     </span>
     <span class='ocr_line' id='line_1_17' title="bbox 566 2013 2552 2098; baseline 0.001 -23"><span class='ocrx_word' id='word_1_125' title='bbox 566 2013 872 2091; x_wconf 81' lang='lat' dir='ltr'><strong>dicemuS,</strong></span> <span class='ocrx_word' id='word_1_126' title='bbox 900 2025 1196 2098; x_wconf 86' lang='lat' dir='ltr'><strong>oportere</strong></span> <span class='ocrx_word' id='word_1_127' title='bbox 1222 2014 1538 2098; x_wconf 86' lang='lat' dir='ltr'><strong>Leporem</strong></span> <span class='ocrx_word' id='word_1_128' title='bbox 1566 2014 1804 2091; x_wconf 84' lang='lat' dir='ltr'><strong>venari,</strong></span> <span class='ocrx_word' id='word_1_129' title='bbox 1849 2014 2408 2097; x_wconf 67' lang='lat' dir='ltr'><strong>&#39;Callimachusque</strong></span> <span class='ocrx_word' id='word_1_130' title='bbox 2449 2035 2552 2076; x_wconf 87' lang='lat' dir='ltr'><strong>ac-</strong></span> 
     </span>
     <span class='ocr_line' id='line_1_18' title="bbox 564 2098 2556 2183; baseline 0 -22"><span class='ocrx_word' id='word_1_131' title='bbox 564 2110 747 2162; x_wconf 89' lang='lat' dir='ltr'><strong>cusat</strong></span> <span class='ocrx_word' id='word_1_132' title='bbox 776 2122 922 2162; x_wconf 90' lang='lat' dir='ltr'><strong>eum</strong></span> <span class='ocrx_word' id='word_1_133' title='bbox 929 2147 946 2176; x_wconf 93' lang='lat'>‚</span> <span class='ocrx_word' id='word_1_134' title='bbox 980 2101 1151 2183; x_wconf 90' lang='lat' dir='ltr'><strong>quod</strong></span> <span class='ocrx_word' id='word_1_135' title='bbox 1170 2123 1315 2163; x_wconf 89' lang='lat' dir='ltr'><strong>cum</strong></span> <span class='ocrx_word' id='word_1_136' title='bbox 1340 2100 1574 2164; x_wconf 88' lang='lat' dir='ltr'><strong>Dianae</strong></span> <span class='ocrx_word' id='word_1_137' title='bbox 1597 2100 1904 2164; x_wconf 88' lang='lat' dir='ltr'><strong>scriberet</strong></span> <span class='ocrx_word' id='word_1_138' title='bbox 1925 2099 2168 2176; x_wconf 84' lang='lat' dir='ltr'><strong>laudes,</strong></span> <span class='ocrx_word' id='word_1_139' title='bbox 2189 2121 2330 2162; x_wconf 91' lang='lat' dir='ltr'><strong>eam</strong></span> <span class='ocrx_word' id='word_1_140' title='bbox 2346 2098 2556 2182; x_wconf 90' lang='lat' dir='ltr'><strong>lepor-</strong></span> 
     </span>
     <span class='ocr_line' id='line_1_19' title="bbox 562 2184 2556 2268; baseline 0 -22"><span class='ocrx_word' id='word_1_141' title='bbox 562 2184 673 2246; x_wconf 89' lang='lat' dir='ltr'><strong>ino</strong></span> <span class='ocrx_word' id='word_1_142' title='bbox 722 2185 1032 2267; x_wconf 88' lang='lat' dir='ltr'><strong>sanguine</strong></span> <span class='ocrx_word' id='word_1_143' title='bbox 1058 2187 1359 2268; x_wconf 87' lang='lat' dir='ltr'><strong>gaudere,</strong></span> <span class='ocrx_word' id='word_1_144' title='bbox 1392 2197 1459 2249; x_wconf 88' lang='lat' dir='ltr'><strong>et</strong></span> <span class='ocrx_word' id='word_1_145' title='bbox 1490 2209 1598 2249; x_wconf 88' lang='lat' dir='ltr'><strong>eos</strong></span> <span class='ocrx_word' id='word_1_146' title='bbox 1629 2186 1842 2249; x_wconf 87' lang='lat' dir='ltr'><strong>venari</strong></span> <span class='ocrx_word' id='word_1_147' title='bbox 1887 2185 2146 2249; x_wconf 80' lang='lat' dir='ltr'><strong>dixerit.</strong></span> <span class='ocrx_word' id='word_1_148' title='bbox 2239 2184 2556 2248; x_wconf 86' lang='lat' dir='ltr'><strong>Nonnulli</strong></span> 
     </span>
     <span class='ocr_line' id='line_1_20' title="bbox 564 2269 2554 2354; baseline 0.001 -22"><span class='ocrx_word' id='word_1_149' title='bbox 564 2291 604 2332; x_wconf 88' lang='lat' dir='ltr'><strong>a</strong></span> <span class='ocrx_word' id='word_1_150' title='bbox 636 2269 963 2335; x_wconf 87' lang='lat' dir='ltr'><strong>Mercurio</strong></span> <span class='ocrx_word' id='word_1_151' title='bbox 991 2271 1163 2334; x_wconf 89' lang='lat' dir='ltr'><strong>inter</strong></span> <span class='ocrx_word' id='word_1_152' title='bbox 1184 2283 1353 2335; x_wconf 85' lang='lat' dir='ltr'><strong>astra</strong></span> <span class='ocrx_word' id='word_1_153' title='bbox 1374 2272 1750 2335; x_wconf 85' lang='lat' dir='ltr'><strong>collocatum</strong></span> <span class='ocrx_word' id='word_1_154' title='bbox 1773 2271 1992 2334; x_wconf 89' lang='lat' dir='ltr'><strong>dicunt</strong></span> <span class='ocrx_word' id='word_1_155' title='bbox 2010 2282 2276 2354; x_wconf 88' lang='lat' dir='ltr'><strong>propter</strong></span> <span class='ocrx_word' id='word_1_156' title='bbox 2291 2270 2554 2334; x_wconf 85' lang='lat' dir='ltr'><strong>nimiam</strong></span> 
     </span>
     <span class='ocr_line' id='line_1_21' title="bbox 562 2355 2558 2441; baseline 0.001 -23"><span class='ocrx_word' id='word_1_157' title='bbox 562 2355 987 2433; x_wconf 86' lang='lat' dir='ltr'><strong>velocitatem,</strong></span> <span class='ocrx_word' id='word_1_158' title='bbox 1020 2357 1148 2420; x_wconf 87' lang='lat' dir='ltr'><strong>sive</strong></span> <span class='ocrx_word' id='word_1_159' title='bbox 1179 2357 1353 2441; x_wconf 89' lang='lat' dir='ltr'><strong>quod</strong></span> <span class='ocrx_word' id='word_1_160' title='bbox 1382 2357 1552 2421; x_wconf 89' lang='lat' dir='ltr'><strong>inter</strong></span> <span class='ocrx_word' id='word_1_161' title='bbox 1582 2357 2026 2440; x_wconf 85' lang='lat' dir='ltr'><strong>quadrupedes</strong></span> <span class='ocrx_word' id='word_1_162' title='bbox 2055 2356 2201 2440; x_wconf 88' lang='lat' dir='ltr'><strong>plus</strong></span> <span class='ocrx_word' id='word_1_163' title='bbox 2229 2355 2457 2440; x_wconf 89' lang='lat' dir='ltr'><strong>pariat,</strong></span> <span class='ocrx_word' id='word_1_164' title='bbox 2490 2366 2558 2420; x_wconf 92' lang='lat' dir='ltr'><strong>et</strong></span> 
     </span>
     <span class='ocr_line' id='line_1_22' title="bbox 567 2440 2550 2526; baseline 0.001 -23"><span class='ocrx_word' id='word_1_165' title='bbox 567 2441 877 2523; x_wconf 89' lang='lat' dir='ltr'><strong>quosdam</strong></span> <span class='ocrx_word' id='word_1_166' title='bbox 914 2441 1121 2506; x_wconf 85' lang='lat' dir='ltr'><strong>foetus</strong></span> <span class='ocrx_word' id='word_1_167' title='bbox 1158 2444 1387 2526; x_wconf 88' lang='lat' dir='ltr'><strong>pariat,</strong></span> <span class='ocrx_word' id='word_1_168' title='bbox 1420 2443 1730 2526; x_wconf 86' lang='lat' dir='ltr'><strong>quosdam</strong></span> <span class='ocrx_word' id='word_1_169' title='bbox 1760 2464 1906 2505; x_wconf 89' lang='lat' dir='ltr'><strong>vero</strong></span> <span class='ocrx_word' id='word_1_170' title='bbox 1934 2442 2000 2504; x_wconf 89' lang='lat' dir='ltr'><strong>in</strong></span> <span class='ocrx_word' id='word_1_171' title='bbox 2031 2452 2252 2505; x_wconf 79' lang='lat' dir='ltr'><strong>ventre</strong></span> <span class='ocrx_word' id='word_1_172' title='bbox 2291 2440 2550 2518; x_wconf 89' lang='lat' dir='ltr'><strong>habeat,</strong></span> 
     </span>
     <span class='ocr_line' id='line_1_23' title="bbox 567 2526 2556 2612; baseline 0 -23"><span class='ocrx_word' id='word_1_173' title='bbox 567 2527 733 2590; x_wconf 89' lang='lat' dir='ltr'><strong>sicut</strong></span> <span class='ocrx_word' id='word_1_174' title='bbox 759 2526 1136 2591; x_wconf 86' lang='lat' dir='ltr'><strong>Aristoteles</strong></span> <span class='ocrx_word' id='word_1_175' title='bbox 1164 2529 1582 2612; x_wconf 89' lang='lat' dir='ltr'><strong>philosophus</strong></span> <span class='ocrx_word' id='word_1_176' title='bbox 1611 2530 1724 2605; x_wconf 88' lang='lat' dir='ltr'><strong>ait,</strong></span> <span class='ocrx_word' id='word_1_177' title='bbox 1757 2528 1870 2612; x_wconf 91' lang='lat' dir='ltr'><strong>qui</strong></span> <span class='ocrx_word' id='word_1_178' title='bbox 1900 2528 1978 2590; x_wconf 89' lang='lat' dir='ltr'><strong>de</strong></span> <span class='ocrx_word' id='word_1_179' title='bbox 2009 2527 2381 2591; x_wconf 88' lang='lat' dir='ltr'><strong>animalium</strong></span> <span class='ocrx_word' id='word_1_180' title='bbox 2401 2527 2556 2590; x_wconf 82' lang='lat' dir='ltr'><strong>rati-</strong></span> 
     </span>
     <span class='ocr_line' id='line_1_24' title="bbox 564 2612 2558 2698; baseline 0.001 -24"><span class='ocrx_word' id='word_1_181' title='bbox 564 2634 687 2674; x_wconf 90' lang='lat' dir='ltr'><strong>one</strong></span> <span class='ocrx_word' id='word_1_182' title='bbox 728 2612 1049 2676; x_wconf 88' lang='lat' dir='ltr'><strong>disseruit.</strong></span> <span class='ocrx_word' id='word_1_183' title='bbox 1142 2613 1530 2698; x_wconf 90' lang='lat' dir='ltr'><strong>Antiquitus</strong></span> <span class='ocrx_word' id='word_1_184' title='bbox 1577 2625 1796 2678; x_wconf 86' lang='lat' dir='ltr'><strong>autem</strong></span> <span class='ocrx_word' id='word_1_185' title='bbox 1855 2613 2186 2676; x_wconf 88' lang='lat' dir='ltr'><strong>dicebatur</strong></span> <span class='ocrx_word' id='word_1_186' title='bbox 2231 2613 2300 2676; x_wconf 90' lang='lat' dir='ltr'><strong>in</strong></span> <span class='ocrx_word' id='word_1_187' title='bbox 2345 2612 2558 2675; x_wconf 84' lang='lat' dir='ltr'><strong>insula</strong></span> 
     </span>
     <span class='ocr_line' id='line_1_25' title="bbox 565 2696 2556 2783; baseline 0 -23"><span class='ocrx_word' id='word_1_188' title='bbox 565 2696 734 2760; x_wconf 89' lang='lat' dir='ltr'><strong>Lero</strong></span> <span class='ocrx_word' id='word_1_189' title='bbox 765 2699 1015 2762; x_wconf 90' lang='lat' dir='ltr'><strong>nullum</strong></span> <span class='ocrx_word' id='word_1_190' title='bbox 1047 2698 1361 2783; x_wconf 90' lang='lat' dir='ltr'><strong>Leporem</strong></span> <span class='ocrx_word' id='word_1_191' title='bbox 1397 2699 1612 2776; x_wconf 88' lang='lat' dir='ltr'><strong>fuisse,</strong></span> <span class='ocrx_word' id='word_1_192' title='bbox 1646 2699 1756 2762; x_wconf 91' lang='lat' dir='ltr'><strong>sed</strong></span> <span class='ocrx_word' id='word_1_193' title='bbox 1779 2721 1864 2762; x_wconf 85' lang='lat' dir='ltr'><strong>ex</strong></span> <span class='ocrx_word' id='word_1_194' title='bbox 1885 2720 2104 2761; x_wconf 91' lang='lat' dir='ltr'><strong>eorum</strong></span> <span class='ocrx_word' id='word_1_195' title='bbox 2123 2698 2378 2761; x_wconf 89' lang='lat' dir='ltr'><strong>civitate</strong></span> <span class='ocrx_word' id='word_1_196' title='bbox 2403 2698 2556 2762; x_wconf 85' lang='lat' dir='ltr'><strong>ado-</strong></span> 
     </span>
     <span class='ocr_line' id='line_1_26' title="bbox 563 2782 2552 2868; baseline 0.001 -23"><span class='ocrx_word' id='word_1_197' title='bbox 563 2783 805 2846; x_wconf 87' lang='lat' dir='ltr'><strong>lescens</strong></span> <span class='ocrx_word' id='word_1_198' title='bbox 837 2785 1096 2868; x_wconf 87' lang='lat' dir='ltr'><strong>quidam</strong></span> <span class='ocrx_word' id='word_1_199' title='bbox 1126 2786 1339 2848; x_wconf 89' lang='lat' dir='ltr'><strong>studio</strong></span> <span class='ocrx_word' id='word_1_200' title='bbox 1369 2785 1622 2868; x_wconf 88' lang='lat' dir='ltr'><strong>generis</strong></span> <span class='ocrx_word' id='word_1_201' title='bbox 1653 2785 1734 2848; x_wconf 91' lang='lat' dir='ltr'><strong>ab</strong></span> <span class='ocrx_word' id='word_1_202' title='bbox 1759 2785 2002 2848; x_wconf 86' lang='lat' dir='ltr'><strong>exteris</strong></span> <span class='ocrx_word' id='word_1_203' title='bbox 2027 2784 2214 2847; x_wconf 89' lang='lat' dir='ltr'><strong>terris</strong></span> <span class='ocrx_word' id='word_1_204' title='bbox 2235 2782 2552 2867; x_wconf 88' lang='lat' dir='ltr'><strong>Leporem</strong></span> 
     </span>
     <span class='ocr_line' id='line_1_27' title="bbox 561 2869 2554 2955; baseline 0.001 -25"><span class='ocrx_word' id='word_1_205' title='bbox 561 2869 893 2933; x_wconf 85' lang='lat' dir='ltr'><strong>foeminam</strong></span> <span class='ocrx_word' id='word_1_206' title='bbox 949 2871 1281 2954; x_wconf 85' lang='lat' dir='ltr'><strong>produxit,</strong></span> <span class='ocrx_word' id='word_1_207' title='bbox 1330 2882 1395 2933; x_wconf 93' lang='lat' dir='ltr'><strong>et</strong></span> <span class='ocrx_word' id='word_1_208' title='bbox 1445 2871 1527 2935; x_wconf 90' lang='lat' dir='ltr'><strong>ad</strong></span> <span class='ocrx_word' id='word_1_209' title='bbox 1575 2873 1712 2955; x_wconf 87' lang='lat' dir='ltr'><strong>ejus</strong></span> <span class='ocrx_word' id='word_1_210' title='bbox 1758 2880 2018 2954; x_wconf 87' lang='lat' dir='ltr'><strong>partum</strong></span> <span class='ocrx_word' id='word_1_211' title='bbox 2074 2869 2554 2953; x_wconf 85' lang='lat' dir='ltr'><strong>diligentissime</strong></span> 
     </span>
     <span class='ocr_line' id='line_1_28' title="bbox 564 2955 2552 3039; baseline -0.001 -22"><span class='ocrx_word' id='word_1_212' title='bbox 564 2976 712 3036; x_wconf 89' lang='lat' dir='ltr'><strong>quae</strong></span> <span class='ocrx_word' id='word_1_213' title='bbox 743 2977 903 3038; x_wconf 90' lang='lat' dir='ltr'><strong>opus</strong></span> <span class='ocrx_word' id='word_1_214' title='bbox 936 2967 1149 3019; x_wconf 86' lang='lat' dir='ltr'><strong>essent</strong></span> <span class='ocrx_word' id='word_1_215' title='bbox 1178 2957 1681 3033; x_wconf 82' lang='lat' dir='ltr'><strong>administravit3</strong></span> <span class='ocrx_word' id='word_1_216' title='bbox 1727 2955 1948 3038; x_wconf 86' lang='lat' dir='ltr'><strong>itaque</strong></span> <span class='ocrx_word' id='word_1_217' title='bbox 1990 2977 2136 3018; x_wconf 92' lang='lat' dir='ltr'><strong>cum</strong></span> <span class='ocrx_word' id='word_1_218' title='bbox 2175 2955 2552 3039; x_wconf 87' lang='lat' dir='ltr'><strong>peperisset,</strong></span> 
     </span>
     <span class='ocr_line' id='line_1_29' title="bbox 564 3041 2556 3126; baseline 0.002 -25"><span class='ocrx_word' id='word_1_219' title='bbox 564 3051 632 3101; x_wconf 92' lang='lat' dir='ltr'><strong>et</strong></span> <span class='ocrx_word' id='word_1_220' title='bbox 671 3041 1028 3124; x_wconf 87' lang='lat' dir='ltr'><strong>complures</strong></span> <span class='ocrx_word' id='word_1_221' title='bbox 1076 3043 1214 3126; x_wconf 89' lang='lat' dir='ltr'><strong>ejus</strong></span> <span class='ocrx_word' id='word_1_222' title='bbox 1264 3042 1538 3105; x_wconf 86' lang='lat' dir='ltr'><strong>civitatis</strong></span> <span class='ocrx_word' id='word_1_223' title='bbox 1591 3041 1668 3104; x_wconf 89' lang='lat' dir='ltr'><strong>ad</strong></span> <span class='ocrx_word' id='word_1_224' title='bbox 1717 3041 2002 3104; x_wconf 87' lang='lat' dir='ltr'><strong>studium</strong></span> <span class='ocrx_word' id='word_1_225' title='bbox 2039 3041 2439 3116; x_wconf 87' lang='lat' dir='ltr'><strong>intendisset,</strong></span> <span class='ocrx_word' id='word_1_226' title='bbox 2487 3051 2556 3104; x_wconf 88' lang='lat' dir='ltr'><strong>et</strong></span> 
     </span>
     <span class='ocr_line' id='line_1_30' title="bbox 562 3125 2554 3211; baseline 0.001 -24"><span class='ocrx_word' id='word_1_227' title='bbox 562 3125 795 3208; x_wconf 86' lang='lat' dir='ltr'><strong>partim</strong></span> <span class='ocrx_word' id='word_1_228' title='bbox 854 3127 1089 3210; x_wconf 91' lang='lat' dir='ltr'><strong>preci0‚</strong></span> <span class='ocrx_word' id='word_1_229' title='bbox 1138 3128 1374 3211; x_wconf 87' lang='lat' dir='ltr'><strong>partim</strong></span> <span class='ocrx_word' id='word_1_230' title='bbox 1421 3127 1734 3191; x_wconf 90' lang='lat' dir='ltr'><strong>beneficio</strong></span> <span class='ocrx_word' id='word_1_231' title='bbox 1781 3127 2044 3190; x_wconf 90' lang='lat' dir='ltr'><strong>mercati</strong></span> <span class='ocrx_word' id='word_1_232' title='bbox 2093 3136 2282 3202; x_wconf 88' lang='lat' dir='ltr'><strong>esset,</strong></span> <span class='ocrx_word' id='word_1_233' title='bbox 2331 3147 2554 3189; x_wconf 88' lang='lat' dir='ltr'><strong>omnes</strong></span> 
     </span>
     <span class='ocr_line' id='line_1_31' title="bbox 563 3209 2555 3297; baseline 0.001 -25"><span class='ocrx_word' id='word_1_234' title='bbox 563 3209 845 3294; x_wconf 88' lang='lat' dir='ltr'><strong>Lepores</strong></span> <span class='ocrx_word' id='word_1_235' title='bbox 876 3212 1043 3275; x_wconf 87' lang='lat' dir='ltr'><strong>alere</strong></span> <span class='ocrx_word' id='word_1_236' title='bbox 1076 3223 1451 3297; x_wconf 82' lang='lat' dir='ltr'><strong>coeperunt3</strong></span> <span class='ocrx_word' id='word_1_237' title='bbox 1501 3213 1736 3296; x_wconf 88' lang='lat' dir='ltr'><strong>quibus</strong></span> <span class='ocrx_word' id='word_1_238' title='bbox 1771 3233 1915 3275; x_wconf 89' lang='lat' dir='ltr'><strong>cum</strong></span> <span class='ocrx_word' id='word_1_239' title='bbox 1957 3211 2118 3275; x_wconf 89' lang='lat' dir='ltr'><strong>nihil</strong></span> <span class='ocrx_word' id='word_1_240' title='bbox 2163 3211 2424 3274; x_wconf 89' lang='lat' dir='ltr'><strong>daretur</strong></span> <span class='ocrx_word' id='word_1_241' title='bbox 2475 3211 2555 3274; x_wconf 89' lang='lat' dir='ltr'><strong>ad</strong></span> 
     </span>
     <span class='ocr_line' id='line_1_32' title="bbox 560 3297 2554 3382; baseline 0.001 -24"><span class='ocrx_word' id='word_1_242' title='bbox 560 3297 1097 3374; x_wconf 89' lang='lat' dir='ltr'><strong>manducandum,</strong></span> <span class='ocrx_word' id='word_1_243' title='bbox 1157 3299 1405 3382; x_wconf 86' lang='lat' dir='ltr'><strong>impetu</strong></span> <span class='ocrx_word' id='word_1_244' title='bbox 1463 3298 1632 3362; x_wconf 88' lang='lat' dir='ltr'><strong>facto</strong></span> <span class='ocrx_word' id='word_1_245' title='bbox 1680 3297 1894 3361; x_wconf 87' lang='lat' dir='ltr'><strong>omnia</strong></span> <span class='ocrx_word' id='word_1_246' title='bbox 1939 3297 2373 3373; x_wconf 90' lang='lat' dir='ltr'><strong>comederunt,</strong></span> <span class='ocrx_word' id='word_1_247' title='bbox 2423 3318 2554 3379; x_wconf 91' lang='lat' dir='ltr'><strong>quo</strong></span> 
     </span>
     <span class='ocr_line' id='line_1_33' title="bbox 560 3381 2554 3467; baseline 0.001 -24"><span class='ocrx_word' id='word_1_248' title='bbox 560 3381 731 3444; x_wconf 84' lang='lat' dir='ltr'><strong>facto</strong></span> <span class='ocrx_word' id='word_1_249' title='bbox 760 3381 1032 3445; x_wconf 87' lang='lat' dir='ltr'><strong>insulam</strong></span> <span class='ocrx_word' id='word_1_250' title='bbox 1062 3383 1384 3447; x_wconf 89' lang='lat' dir='ltr'><strong>calamitas</strong></span> <span class='ocrx_word' id='word_1_251' title='bbox 1412 3384 1665 3448; x_wconf 84' lang='lat' dir='ltr'><strong>afflixit.</strong></span> <span class='ocrx_word' id='word_1_252' title='bbox 1758 3382 1992 3465; x_wconf 89' lang='lat' dir='ltr'><strong>Itaque</strong></span> <span class='ocrx_word' id='word_1_253' title='bbox 2021 3394 2245 3467; x_wconf 86' lang='lat' dir='ltr'><strong>postea</strong></span> <span class='ocrx_word' id='word_1_254' title='bbox 2283 3381 2554 3465; x_wconf 88' lang='lat' dir='ltr'><strong>Leporis</strong></span> 
     </span>
     <span class='ocr_line' id='line_1_34' title="bbox 561 3466 2552 3548; baseline 0.001 -19"><span class='ocrx_word' id='word_1_255' title='bbox 561 3466 835 3548; x_wconf 86' lang='lat' dir='ltr'><strong>figuram</strong></span> <span class='ocrx_word' id='word_1_256' title='bbox 888 3469 1071 3532; x_wconf 88' lang='lat' dir='ltr'><strong>astris</strong></span> <span class='ocrx_word' id='word_1_257' title='bbox 1122 3469 1560 3547; x_wconf 90' lang='lat' dir='ltr'><strong>contulerunt,</strong></span> <span class='ocrx_word' id='word_1_258' title='bbox 1619 3479 1697 3532; x_wconf 92' lang='lat' dir='ltr'><strong>ut</strong></span> <span class='ocrx_word' id='word_1_259' title='bbox 1747 3468 2036 3532; x_wconf 89' lang='lat' dir='ltr'><strong>homines</strong></span> <span class='ocrx_word' id='word_1_260' title='bbox 2091 3467 2552 3544; x_wconf 88' lang='lat' dir='ltr'><strong>meminissent,</strong></span> 
     </span>
     <span class='ocr_line' id='line_1_35' title="bbox 560 3550 2553 3637; baseline 0 -21"><span class='ocrx_word' id='word_1_261' title='bbox 560 3550 723 3616; x_wconf 90' lang='lat' dir='ltr'><strong>nihil</strong></span> <span class='ocrx_word' id='word_1_262' title='bbox 744 3551 843 3616; x_wconf 89' lang='lat' dir='ltr'><strong>his</strong></span> <span class='ocrx_word' id='word_1_263' title='bbox 868 3555 1305 3637; x_wconf 86' lang='lat' dir='ltr'><strong>exoptandum</strong></span> <span class='ocrx_word' id='word_1_264' title='bbox 1329 3555 1397 3617; x_wconf 89' lang='lat' dir='ltr'><strong>in</strong></span> <span class='ocrx_word' id='word_1_265' title='bbox 1414 3555 1566 3632; x_wconf 86' lang='lat' dir='ltr'><strong>vita,</strong></span> <span class='ocrx_word' id='word_1_266' title='bbox 1578 3555 1631 3618; x_wconf 90' lang='lat' dir='ltr'><strong>si</strong></span> <span class='ocrx_word' id='word_1_267' title='bbox 1647 3554 1998 3617; x_wconf 87' lang='lat' dir='ltr'><strong>insolenter</strong></span> <span class='ocrx_word' id='word_1_268' title='bbox 2020 3563 2288 3617; x_wconf 88' lang='lat' dir='ltr'><strong>utantur</strong></span> <span class='ocrx_word' id='word_1_269' title='bbox 2300 3552 2553 3629; x_wconf 83' lang='lat' dir='ltr'><strong>laetitia,</strong></span> 
     </span>
     <span class='ocr_line' id='line_1_36' title="bbox 562 3639 2554 3725; baseline 0.001 -25"><span class='ocrx_word' id='word_1_270' title='bbox 562 3660 689 3722; x_wconf 89' lang='lat' dir='ltr'><strong>qua</strong></span> <span class='ocrx_word' id='word_1_271' title='bbox 712 3639 991 3702; x_wconf 90' lang='lat' dir='ltr'><strong>dolorem</strong></span> <span class='ocrx_word' id='word_1_272' title='bbox 1023 3663 1249 3724; x_wconf 88' lang='lat' dir='ltr'><strong>capere</strong></span> <span class='ocrx_word' id='word_1_273' title='bbox 1292 3641 1612 3725; x_wconf 90' lang='lat' dir='ltr'><strong>posterius</strong></span> <span class='ocrx_word' id='word_1_274' title='bbox 1641 3651 1971 3722; x_wconf 88' lang='lat' dir='ltr'><strong>cogantur.</strong></span> <span class='ocrx_word' id='word_1_275' title='bbox 2065 3639 2289 3702; x_wconf 89' lang='lat' dir='ltr'><strong>Habet</strong></span> <span class='ocrx_word' id='word_1_276' title='bbox 2333 3648 2554 3702; x_wconf 88' lang='lat' dir='ltr'><strong>autem</strong></span> 
     </span>
     <span class='ocr_line' id='line_1_37' title="bbox 560 3723 2554 3810; baseline -0.001 -22"><span class='ocrx_word' id='word_1_277' title='bbox 560 3724 795 3802; x_wconf 78' lang='lat' dir='ltr'><strong>stellaS,</strong></span> <span class='ocrx_word' id='word_1_278' title='bbox 827 3725 896 3787; x_wconf 89' lang='lat' dir='ltr'><strong>in</strong></span> <span class='ocrx_word' id='word_1_279' title='bbox 926 3725 1191 3808; x_wconf 87' lang='lat' dir='ltr'><strong>singulis</strong></span> <span class='ocrx_word' id='word_1_280' title='bbox 1220 3726 1479 3790; x_wconf 88' lang='lat' dir='ltr'><strong>auribus</strong></span> <span class='ocrx_word' id='word_1_281' title='bbox 1511 3725 1816 3810; x_wconf 79' lang='lat' dir='ltr'><strong>singulaS,</strong></span> <span class='ocrx_word' id='word_1_282' title='bbox 1857 3725 1926 3788; x_wconf 90' lang='lat' dir='ltr'><strong>in</strong></span> <span class='ocrx_word' id='word_1_283' title='bbox 1955 3737 2214 3810; x_wconf 86' lang='lat' dir='ltr'><strong>pectore</strong></span> <span class='ocrx_word' id='word_1_284' title='bbox 2254 3723 2433 3799; x_wconf 77' lang='lat' dir='ltr'><strong>duaS,</strong></span> <span class='ocrx_word' id='word_1_285' title='bbox 2483 3723 2554 3786; x_wconf 89' lang='lat' dir='ltr'><strong>in</strong></span> 
     </span>
     <span class='ocr_line' id='line_1_38' title="bbox 559 3809 2549 3896; baseline 0.001 -24"><span class='ocrx_word' id='word_1_286' title='bbox 559 3810 745 3873; x_wconf 90' lang='lat' dir='ltr'><strong>dorso</strong></span> <span class='ocrx_word' id='word_1_287' title='bbox 785 3811 1055 3874; x_wconf 89' lang='lat' dir='ltr'><strong>nitidam</strong></span> <span class='ocrx_word' id='word_1_288' title='bbox 1097 3835 1314 3890; x_wconf 88' lang='lat' dir='ltr'><strong>unam,</strong></span> <span class='ocrx_word' id='word_1_289' title='bbox 1341 3811 1410 3874; x_wconf 91' lang='lat' dir='ltr'><strong>in</strong></span> <span class='ocrx_word' id='word_1_290' title='bbox 1439 3811 1898 3896; x_wconf 85' lang='lat' dir='ltr'><strong>posterioribus</strong></span> <span class='ocrx_word' id='word_1_291' title='bbox 1934 3812 2204 3895; x_wconf 89' lang='lat' dir='ltr'><strong>pedibus</strong></span> <span class='ocrx_word' id='word_1_292' title='bbox 2251 3809 2549 3892; x_wconf 84' lang='lat' dir='ltr'><strong>singulaS.</strong></span> 
     </span>
     <span class='ocr_line' id='line_1_39' title="bbox 564 3895 1421 3961; baseline 0.004 -3"><span class='ocrx_word' id='word_1_293' title='bbox 564 3895 734 3958; x_wconf 89' lang='lat' dir='ltr'><strong>Sunt</strong></span> <span class='ocrx_word' id='word_1_294' title='bbox 764 3907 981 3960; x_wconf 88' lang='lat' dir='ltr'><strong>autem</strong></span> <span class='ocrx_word' id='word_1_295' title='bbox 1010 3919 1231 3960; x_wconf 89' lang='lat' dir='ltr'><strong>omnes</strong></span> <span class='ocrx_word' id='word_1_296' title='bbox 1252 3896 1421 3961; x_wconf 90' lang='lat' dir='ltr'><strong>VII.</strong></span> 
     </span>
    </p>

    <p class='ocr_par' dir='ltr' id='par_1_4' title="bbox 562 3979 2550 4154">
     <span class='ocr_line' id='line_1_40' title="bbox 647 3979 2548 4066; baseline 0.001 -23"><span class='ocrx_word' id='word_1_297' title='bbox 647 3979 806 4044; x_wconf 89' lang='lat' dir='ltr'><strong>Post</strong></span> <span class='ocrx_word' id='word_1_298' title='bbox 836 3979 1033 4046; x_wconf 90' lang='lat' dir='ltr'><strong>Canis</strong></span> <span class='ocrx_word' id='word_1_299' title='bbox 1062 3983 1259 4066; x_wconf 89' lang='lat' dir='ltr'><strong>igitur</strong></span> <span class='ocrx_word' id='word_1_300' title='bbox 1286 3983 1503 4066; x_wconf 89' lang='lat' dir='ltr'><strong>magni</strong></span> <span class='ocrx_word' id='word_1_301' title='bbox 1532 3984 1820 4060; x_wconf 89' lang='lat' dir='ltr'><strong>caudam,</strong></span> <span class='ocrx_word' id='word_1_302' title='bbox 1852 3981 2200 4045; x_wconf 89' lang='lat' dir='ltr'><strong>secundum</strong></span> <span class='ocrx_word' id='word_1_303' title='bbox 2219 3979 2548 4044; x_wconf 85' lang='lat' dir='ltr'><strong>stellarum</strong></span> 
     </span>
     <span class='ocr_line' id='line_1_41' title="bbox 562 4065 2550 4154; baseline -0.001 -24"><span class='ocrx_word' id='word_1_304' title='bbox 562 4066 845 4130; x_wconf 88' lang='lat' dir='ltr'><strong>ordinem</strong></span> <span class='ocrx_word' id='word_1_305' title='bbox 886 4067 1083 4134; x_wconf 84' lang='lat' dir='ltr'><strong>Navis</strong></span> <span class='ocrx_word' id='word_1_306' title='bbox 1126 4069 1475 4134; x_wconf 88' lang='lat' dir='ltr'><strong>constituta</strong></span> <span class='ocrx_word' id='word_1_307' title='bbox 1522 4080 1640 4146; x_wconf 90' lang='lat' dir='ltr'><strong>est,</strong></span> <span class='ocrx_word' id='word_1_308' title='bbox 1692 4091 1884 4154; x_wconf 89' lang='lat' dir='ltr'><strong>quam</strong></span> <span class='ocrx_word' id='word_1_309' title='bbox 1931 4067 2192 4150; x_wconf 89' lang='lat' dir='ltr'><strong>quidam</strong></span> <span class='ocrx_word' id='word_1_310' title='bbox 2237 4065 2550 4132; x_wconf 88' lang='lat' dir='ltr'><strong>beneficio</strong></span> 
     </span>
    </p>
   </div>
  </div>
 </body>
</html>
