2992 4842
1070 541 1141 578 An
1167 542 1525 577 rnffiuonniu
1549 542 1787 578 sunm.
1996 515 2001 520 ⁴
2332 528 2439 580 xliii

431 684 528 716 νον
551 667 675 717 dixit
694 667 894 717 Aratus.
965 666 1077 715 Hoc
1118 668 1442 716 Germanicus
1474 682 1575 715 non
1609 664 1719 715 ἀπὸ
1754 666 1847 716 τοῦ
1884 665 2081 730 χαλᾷν,
2104 665 2187 713 sed
2208 663 2319 715 α’πὸ
2343 667 2441 725 τῆς

430 731 669 798 χαλάζης
693 732 941 781 derivavit.
1009 732 1207 782 Grando
1229 739 1410 790 autem,
1446 732 1550 791 nix,
1584 747 1680 789 ros,
1710 732 1899 795 pruina,
1924 731 1965 777 si
1988 747 2087 779 non
2110 731 2281 780 eadem
2302 738 2435 788 sunt,

431 799 562 862 quod
584 798 938 861 quodammodo
960 796 1168 860 probant
1189 798 1482 877 philosophi,
1507 804 1554 845 et
1572 804 1778 858 cognata
1796 804 1844 845 et
1857 796 2037 844 affinia.
2080 797 2235 858 Igitur
2255 798 2441 846 roscida

429 866 604 925 puppis
627 860 888 921 πηδάλιον
909 858 1321 927 κεχαλασμενον.
1389 862 1713 910 Gn.—SCH.
1846 860 2081 924 Roscida]
2107 862 2262 911 ΒΕΘ.
2286 864 2441 926 (prob.

432 928 506 991 g.)
530 929 579 975 b.
615 929 774 975 lucida
794 928 996 989 AFPgs.
1031 928 1146 976 laevo
1171 929 1236 975 G.
1269 928 1388 988 (non
1413 926 1724 985 BE.)—OR.

501 994 614 1041 356.
647 992 716 1040 At
745 990 935 1053 procul]
972 991 1094 1041 Tres
1131 992 1184 1041 hi
1219 1008 1384 1040 versus
1423 1008 1483 1039 ex
1521 991 1631 1039 MS.
1702 989 1798 1038 Sed
1816 990 2081 1052 legendum
2106 991 2237 1041 haud
2258 993 2440 1052 procul,

434 1056 528 1105 οὐκ
550 1056 733 1121 ὀλίγον
767 1072 864 1120 περ
887 1054 1155 1122 ἀπόπροθι
1176 1061 1367 1105 Aratus.
1438 1056 1707 1117 Eleganter
1727 1062 1888 1103 autem
1915 1056 2041 1103 dixit
2060 1058 2216 1105 media
2240 1065 2310 1105 est
2330 1059 2443 1105 solis

434 1125 531 1179 via,
569 1123 660 1170 hoo
700 1128 788 1181 est,
829 1122 1071 1172 Zodiacus
1109 1138 1256 1185 quem
1289 1122 1472 1169 Aratus
1495 1121 1610 1168 alibi
1634 1117 1829 1179 ἠελίοιο
1853 1117 2095 1168 κέλευθον
2118 1129 2271 1180 vocat,
2292 1123 2443 1170 inter-

429 1187 576 1249 jacet.
645 1186 760 1234 Huc
795 1190 1007 1248 pertinet
1039 1190 1176 1236 locus
1196 1187 1282 1235 ille
1304 1186 1503 1235 Manilii
1534 1186 1618 1233 lib.
1642 1186 1685 1233 I.
1708 1201 1752 1233 V.
1777 1187 1889 1241 355,
1911 1186 2263 1235 Andromedam
2283 1193 2444 1235 vastos

436 1258 715 1299 metuentem
743 1254 891 1314 piscis
919 1252 1098 1302 hiatus.
1165 1252 1264 1299 Ubi
1291 1250 1466 1299 Pistris
1485 1251 1765 1311 legendum.
1834 1249 1973 1298 Nihil
2006 1252 2202 1301 certius.
2274 1253 2444 1300 Gn.—

440 1316 974 1365 SCH.—-Omittunt
999 1325 1096 1365 tres
1119 1332 1196 1366 vv.
1221 1318 1453 1364 356·358.
1478 1316 1627 1364 AFP.
1662 1315 1858 1362 Habent
1880 1315 2037 1364 BEG.
2072 1316 2246 1378 (Ibid.)
2266 1316 2441 1379 Haud]

445 1381 504 1429 de
527 1396 573 1443 g.
597 1381 724 1441 conj.
748 1382 821 1429 sb.
855 1382 920 1429 At
941 1384 1136 1444 BEGg.
1171 1382 1341 1444 (Ibid.)
1380 1379 1579 1442 Pistris]
1605 1381 1757 1443 Bgsb.
1789 1382 1956 1440 pristis
1978 1380 2042 1430 E.
2096 1381 2285 1429 Eadem
2317 1382 2443 1431 vari-

441 1453 544 1493 etas
569 1446 618 1491 in
643 1461 694 1492 se
763 1447 958 1495 .—0R.

508 1512 618 1557 358.
653 1461 876 1558 stildlnstro
892 1509 1082 1575 pelagi]
1114 1510 1166 1558 id
1200 1518 1289 1568 est,
1325 1510 1516 1573 ingenti
1547 1509 1706 1557 beluae
1726 1509 1875 1558 maris
1898 1509 2071 1557 Indici.
2135 1510 2327 1558 Plinius
2349 1510 2443 1559 IX.

441 1590 487 1622 c.
513 1576 560 1632 3,
592 1572 816 1621 Plurima
837 1583 882 1623 et
900 1579 1116 1625 maxima
1135 1578 1190 1623 in
1224 1576 1388 1623 Indico
1407 1578 1535 1623 mari
1556 1575 1806 1633 animalia,
1844 1590 1869 1621 e
1902 1575 2073 1637 quibus
2107 1575 2293 1623 haloenoe
2327 1592 2445 1639 qua·

443 1642 628 1687 temam
649 1639 890 1701 juqerum,
922 1645 1095 1703 pristes
1115 1642 1346 1689 ducenum
1367 1639 1632 1688 cubitorum
1663 1639 1855 1687 Nonius
1879 1655 1919 1687 c.
1949 1642 2023 1696 13,
2048 1656 2099 1687 n.
2128 1642 2201 1687 13.
2270 1644 2447 1689 Pristis

441 1706 628 1765 naviqit
656 1719 804 1765 qenus
840 1722 872 1753 a
891 1708 1061 1768 forma
1089 1709 1317 1768 pri-stium
1353 1710 1669 1763 marinarum,
1705 1720 1806 1767 quae
1830 1706 1959 1766 lonqi
1978 1709 2188 1765 eorporis
2206 1713 2333 1763 sunt,
2365 1706 2448 1755 sed

443 1770 648 1832 anqusti.
719 1768 958 1819 Cetaoeus
981 1771 1128 1834 piscis
1161 1777 1235 1818 est
1269 1770 1428 1818 Indici
1449 1770 1597 1817 maris
1622 1785 1765 1832 quem
1791 1769 2014 1817 nonnulli
2034 1771 2253 1818 vivellam
2273 1777 2448 1819 vocant

443 1841 600 1881 rostro
621 1832 922 1895 longissimo,
958 1851 1112 1893 osseo,
1148 1835 1377 1897 utrinque
1400 1835 1635 1892 aculeato,
1676 1848 1821 1881 serrae
1844 1842 1929 1881 aut
1947 1836 2088 1883 rastri
2110 1836 2291 1885 modo..
2337 1837 2447 1884 Ico-

446 1914 563 1945 nem
602 1898 921 1947 Roudeletius
945 1901 1141 1949 exhibet
1157 1900 1240 1948 lib.
1264 1899 1406 1948 XVI.
1429 1916 1532 1962 cap.
1565 1901 1637 1947 15.
1705 1899 1811 1946 Nos
1835 1899 2103 1961 genuinum
2126 1916 2373 1948 servamus
2394 1900 2447 1947 in

449 1962 658 2011 Cimelio
681 1964 944 2012 Parisiensi
965 1973 1142 2013 nostro.
1199 1964 1439 2012 Harduin.
1465 1966 1527 2012 ad
1548 1964 1783 2019 Plinium,
1810 1976 1925 2011 tom.
1953 1964 1993 2010 I.
2017 1979 2063 2026 p.
2091 1967 2199 2013 280.
2255 1965 2448 2013 Plinius

450 2028 545 2076 IX.
569 2042 610 2075 c.
634 2028 682 2083 4,
725 2032 987 2077 Maximum
1019 2030 1200 2077 aninwl
1231 2031 1284 2077 in
1317 2028 1483 2077 Indico
1515 2031 1642 2077 mari
1676 2027 1851 2076 Pristis
1870 2035 1917 2076 et
1935 2029 2134 2077 Balaena
2156 2038 2239 2077 est.
2306 2030 2449 2077 Idem

449 2108 489 2141 e.
509 2095 558 2141 5.
628 2093 824 2152 Belluae,
847 2098 926 2141 eui
946 2094 1193 2143 dicebatur
1213 2096 1590 2157 expositafuisse
1610 2092 1926 2153 Andromeda,
1964 2110 2069 2141 ossa
2092 2094 2253 2142 Romae
2276 2107 2448 2154 appor-

449 2163 552 2205 tata
574 2172 632 2203 ex
651 2159 822 2217 oppido
841 2160 1021 2207 Judaeae
1040 2159 1210 2219 Joppe,
1231 2160 1430 2206 ostendit
1452 2162 1578 2207 inter
1596 2158 1782 2221 reliqua
1798 2160 2031 2207 miracula
2047 2163 2098 2207 in
2118 2158 2339 2207 aedilitate
2359 2174 2451 2207 sua

452 2222 531 2269 M.
557 2222 783 2279 Scaurus,
805 2225 1098 2286 lonqitudine
1119 2231 1355 2271 costarum
1373 2222 1566 2271 Indicos
1585 2222 1856 2283 elephantos
1876 2226 2133 2282 excedente,
2154 2227 2297 2284 spinoe
2318 2240 2449 2272 cras-

452 2286 661 2335 situdine
691 2289 1018 2351 sesquipedali.
1084 2288 1196 2336 Vid.
1236 2289 1382 2336 etiam
1421 2288 1569 2336 Plinii
1608 2287 1703 2336 IX.
1741 2303 1786 2336 c.
1832 2289 1908 2337 13.
1975 2288 2074 2337 Sub
2112 2288 2226 2350 axe]
2267 2290 2318 2337 id
2360 2296 2449 2347 est,

453 2352 567 2401 coeli
589 2360 744 2413 parte.
810 2353 890 2400 Sic
926 2369 1051 2415 pene
1090 2354 1238 2401 etiam
1272 2353 1511 2415 Virgilius
1551 2352 1668 2401 AEn.
1706 2352 1790 2400 lib.
1814 2351 1889 2402 ΙΙ.
1931 2368 1975 2400 v.
2000 2356 2111 2411 512,
2152 2353 2363 2403 AEdibus
2398 2358 2452 2403 in

453 2417 636 2471 medii-3,
661 2419 878 2481 nudoque
897 2418 981 2465 sub
1005 2418 1188 2467 (etheris
1209 2434 1297 2467 axe
1313 2418 1482 2481 Inqens
1504 2419 1722 2479 arafuit.
1777 2418 2024 2467 Adscribit
2048 2419 2270 2467 Servius:
2304 2421 2449 2468 Nudo

453 2480 536 2528 sub
575 2496 681 2539 axe,
717 2483 804 2530 hoc
841 2490 921 2539 est,
957 2484 1040 2531 sub
1077 2484 1202 2542 divo,
1238 2484 1364 2546 quod
1399 2484 1679 2543 impluvium
1698 2483 1891 2530 dieitur.
1961 2482 2083 2532 Axis
2102 2490 2259 2533 autem
2281 2491 2349 2532 est
2368 2490 2455 2533 aut

452 2546 719 2605 plaustrum
738 2550 1082 2609 septentrionis,
1103 2554 1188 2595 aut
1202 2563 1314 2609 pars
1332 2551 1676 2609 septentrionis,
1698 2548 1998 2604 sa—SCH.

522 2612 634 2659 359.
671 2611 902 2674 Diverso]
939 2613 1067 2661 male
1104 2613 1212 2662 MS.
1245 2614 1435 2661 diversi.
1502 2614 1584 2661 An
1607 2629 1719 2661 vero
1742 2614 1913 2676 leqenti
1937 2613 2069 2661 dicas
2091 2629 2203 2661 cum
2225 2613 2452 2675 vulgatis,

458 2691 520 2723 an
543 2676 721 2738 legente
741 2677 864 2724 nihil
886 2678 1045 2726 refert.
1115 2677 1216 2727 Gn.
1287 2681 1450 2726 Boreae
1470 2682 1631 2726 vicina
1651 2676 1850 2740 leyente]
1872 2678 1924 2725 id
1946 2685 2034 2736 est,
2067 2678 2453 2741 septentrionali-

455 2740 548 2788 bus
568 2742 725 2804 plagis
745 2742 1030 2805 propinquo,
1054 2757 1139 2789 seu
1161 2743 1561 2804 septentrionales
1581 2744 1802 2804 regiones
1822 2751 2068 2805 tangente.
2122 2744 2203 2791 Sic
2218 2743 2455 2806 Virgilius

457 2805 541 2853 lib.
564 2804 638 2853 11.
664 2808 842 2867 Georg.
867 2822 910 2854 v.
935 2809 1016 2864 44,
1049 2807 1175 2865 ades,
1208 2813 1255 2854 et
1273 2810 1418 2869 primi
1440 2809 1537 2870 leqe
1558 2810 1711 2855 litoris
1732 2824 1884 2856 oram.
1950 2808 2019 2855 Et
2050 2809 2135 2856 lib.
2162 2809 2236 2856 II.
2258 2809 2453 2857 AEneid.

459 2885 504 2917 v.
547 2872 643 2919 206
681 2872 740 2919 de
777 2872 1057 2919 natantibus
1096 2871 1285 2920 duobus
1317 2874 1585 2933 anguibus:
1639 2872 1845 2921 Pectora
1886 2889 2085 2936 quorum
2126 2877 2250 2921 inter
2276 2875 2456 2935 fluctus

458 2942 660 2992 arrecta,
685 2935 903 2999 jubesque
937 2936 1214 2999 Sanquineae
1236 2945 1516 2997 exsuperant
1538 2938 1689 2985 undas
1711 2953 1727 2984 .·
1762 2951 1876 2997 pars
1906 2944 2071 2987 cetera
2102 2945 2299 2998 pontum
2321 2937 2455 2987 Pone

459 3000 573 3061 leqit
591 3003 844 3063 sinuatque
863 3005 1090 3049 immensa
1112 3003 1347 3050 volumine
1367 3009 1517 3065 ter-qa.
1580 3003 1703 3050 Add.
1736 3003 1929 3051 AEneid.
1967 3003 2069 3052 ΙΙΙ.
2105 3018 2147 3051 v.
2176 3004 2284 3061 127,
2320 3012 2368 3051 et
2388 3004 2455 3051 ibi

461 3064 674 3123 Servius,
702 3067 788 3128 qui
809 3067 1000 3115 scribit:
1042 3064 1246 3114 Tractus
1279 3082 1430 3114 sermo
1465 3084 1496 3115 a
1526 3071 1689 3115 nautis
1726 3071 1809 3129 qui
1827 3069 2003 3128 funem
2040 3068 2245 3131 leqendo,
2284 3070 2337 3115 id
2369 3074 2454 3127 est,

459 3129 731 3192 colliqendo,
761 3145 930 3190 aspera
964 3132 1066 3179 loca
1107 3135 1398 3192 praetereunt.
1465 3132 1597 3179 Item
1619 3132 1747 3179 idem
1770 3133 2003 3195 Virgilius
2022 3133 2105 3180 lib.
2132 3133 2234 3181 III.
2260 3134 2456 3182 AEneid.

456 3209 502 3241 v.
523 3196 618 3242 292
638 3213 649 3242 ε
683 3195 962 3259 Littoraque
984 3195 1132 3260 Epiri
1150 3197 1361 3257 leqimus.
1429 3196 1531 3244 Ubi
1548 3212 1715 3244 rursus
1732 3197 1931 3247 Servius
1946 3198 2104 3245 addit:
2138 3200 2191 3246 id
2210 3206 2291 3258 est,
2316 3203 2456 3247 navi·

454 3260 614 3320 qando
652 3264 962 3321 praeterimus,
985 3276 1084 3308 non
1103 3264 1374 3309 retinemus.
1443 3262 1555 3309 Hoc
1579 3262 1710 3309 enim
1732 3263 1931 3311 verbum
1951 3262 2031 3310 hic
2054 3264 2275 3325 ineptum
2297 3271 2458 3311 est.—

460 3323 982 3437 {CH-Egivegffl
1025 3326 1117 3373 AF
1121 3325 1268 3388 Pgsb.
1309 3326 1505 3374 Diversi
1545 3326 1703 3375 BEG.
1755 3327 1923 3389 (Ibid.)
1955 3326 2153 3391 leyente]
2206 3329 2457 3392 BEGgsb.

533 3391 631 3437 enti
786 3415 866 3437 .—

499 3404 639 3501 9360.
678 3452 852 3501 Pistris
885 3452 1051 3516 aqens]
1101 3454 1215 3502 MS.
1248 3456 1400 3503 bene:
1436 3454 1613 3502 Auster
1655 3454 1845 3505 Pistrin
1885 3459 1998 3519 agit.
2065 3457 2247 3507 Aratus
2290 3456 2459 3517 Νότος

461 3514 656 3581 ἐχθρὸν
675 3515 848 3581 α’γινεῖ
883 3520 1054 3577 κῆτος.
1121 3518 1311 3568 Pistrin
1347 3526 1512 3568 sutem
1548 3535 1635 3582 per
1671 3522 1961 3570 metathesin
1996 3537 2082 3585 pro
2122 3522 2310 3571 Pristin
2344 3525 2456 3583 dici,

461 3596 607 3629 nemo
645 3591 721 3630 est
754 3584 837 3645 qui
876 3586 1075 3632 nesciat.
1128 3585 1304 3633 Gno'r.
1371 3585 1577 3633 Flaccus
1612 3586 1755 3633 etiam
1778 3586 1829 3633 in
1852 3588 2123 3650 Argonaut.
2148 3588 2224 3635 II.
2259 3604 2305 3635 v.
2329 3590 2457 3637 530:

461 3645 668 3710 Jamque
691 3652 876 3709 aymine
900 3654 996 3695 toto
1019 3646 1196 3697 Pistris
1231 3651 1375 3707 adest,
1396 3653 1662 3713 miseraeque
1698 3651 1857 3699 inhiat
1884 3653 1998 3715 jam
2020 3656 2243 3714 proxima
2270 3654 2456 3715 praedae.

463 3710 650 3759 Auson.
688 3712 915 3775 Eclogar.
941 3713 1000 3761 de
1021 3714 1147 3775 sign.
1183 3714 1364 3762 coelest.
1403 3730 1446 3761 v.
1474 3717 1562 3762 12:
1602 3716 1747 3763 Hunc
1778 3721 1989 3780 sequit-ur
2027 3716 2215 3765 Pistris.
2281 3718 2457 3779 Virgil.

463 3774 663 3823 AEneid.
688 3776 791 3824 III.
815 3777 928 3838 427,
969 3778 1134 3826 etalii.
1205 3778 1449 3841 Praeleqit]
1487 3781 1602 3828 Non
1624 3781 1753 3828 enim
1782 3784 1986 3844 perleqit
2004 3782 2281 3843 legendum.
2349 3781 2458 3832 Proe

460 3840 514 3887 in
533 3842 880 3903 compositione
897 3857 1026 3904 saepe
1040 3850 1216 3905 praeter
1236 3844 1488 3906 significat.
1557 3846 1760 3894 Flaccus
1782 3847 2049 3909 Argonaut.
2068 3846 2150 3894 lib.
2174 3846 2244 3893 ΙΙ.
2267 3862 2310 3895 v.
2329 3848 2421 3895 581
2442 3868 2453 3896 ε

465 3908 720 3969 Litoraque
744 3912 790 3954 et
809 3913 984 3955 veteres
1005 3910 1207 3955 tumulos
1228 3908 1508 3969 praelabitur
1530 3908 1612 3958 Ili.
1677 3911 1802 3958 Vide
1824 3910 2048 3973 exempla
2068 3911 2213 3959 etiam
2234 3911 2287 3959 in
2309 3911 2459 3961 Plinii

467 3968 700 4018 Historiae
722 3973 958 4019 naturalis
991 3972 1100 4021 libr.
1127 3971 1222 4020 VI.
1245 3988 1350 4035 cap.
1367 3976 1458 4021 23:
1496 3975 1707 4023 Ausonii
1726 3976 1839 4024 clar.
1866 3975 2035 4023 Urbib.
2054 3992 2104 4023 v.
2128 3978 2250 4032 1003
2284 3976 2459 4038 Virgil.

462 4034 554 4082 VI.
578 4034 1208 4098 705.—SCH.—pristin
1229 4036 1354 4100 aqit]
1391 4038 1640 4101 BEGgsb.
1672 4043 1835 4101 pristis
1854 4043 1955 4102 ayit
1976 4040 2097 4103 (non
2117 4043 2279 4105 agens)
2308 4042 2459 4094 AFP.

463 4102 629 4159 pistris
650 4117 792 4163 aqens
812 4117 860 4164 g.
894 4101 1063 4163 (Ibid.)
1091 4104 1302 4164 preleyit
1326 4118 1363 4151 s.
1385 4104 1695 4166 conj.-—OR.
