2992 4842
581 578 670 623 xiv
1498 588 1655 624 nors:

577 714 867 763 habuimus:
897 716 1116 776 pensus-it
1149 726 1340 761 munere
1377 716 1535 775 ripam
1572 715 1787 776 positum
1820 730 1904 777 pro
1932 717 2151 777 pensavit
2188 731 2377 764 mmtere
2411 719 2577 765 vitem.

581 780 652 827 Ut
673 780 739 827 ihi
761 783 916 841 ripam
937 793 1024 840 pro
1047 780 1196 825 vitam
1215 778 1448 839 positum,
1473 781 1542 826 ita
1564 780 1641 827 hic
1662 783 1773 842 ripa
1810 795 1896 842 pro
1934 784 2075 835 vitta,
2116 782 2246 829 inter
2278 796 2387 844 quae
2422 782 2577 829 literae

577 852 770 893 tautum
813 844 1032 905 repetitae
1075 850 1150 889 est
1191 842 1476 891 differentia.
1528 844 1845 892 (ἔω-ΒΘΗ.
1983 844 2257 907 Tristique]
2308 862 2357 907 g.
2382 848 2504 908 conj.
2530 848 2575 893 b.

579 912 818 971 tristisque
858 908 1019 1019 ΑΕΡό
1045 910 1292 971 tristesque
1339 908 1494 957 BEG.
1530 924 1568 955 s.
1612 908 1783 971 (ibid.)
1827 908 1969 972 vitta]
2016 910 2075 957 de
2107 926 2155 972 g.
2190 912 2314 972 conj.
2358 912 2431 957 sb.
2470 914 2578 973 ripa

649 1040 758 1085 124.
805 1038 1089 1099 Nulliusque
1133 1034 1306 1098 larem]
1359 1036 1494 1084 Male
1538 1038 1619 1085 hic
1662 1037 1799 1086 deest
1834 1038 2009 1099 copula
2052 1038 2277 1087 enclitica
2308 1040 2359 1086 in
2404 1042 2579 1087 Manu·

579 1102 772 1166 scripto,
795 1110 850 1150 ut
873 1112 920 1149 et
943 1117 1082 1148 versu
1107 1102 1339 1162 sequenti.
1411 1101 1575 1149 Habet
1596 1103 1728 1150 enim
1754 1104 1933 1151 nullius
1956 1104 2120 1159 larem,
2144 1110 2193 1151 et
2214 1111 2356 1151 caetus
2378 1108 2579 1152 notavit.

580 1170 750 1215 Guor.
819 1168 888 1214 Et
909 1167 1022 1228 quia
1043 1166 1258 1213 latinitas
1279 1166 1372 1213 hoc
1391 1166 1442 1213 iu
1462 1166 1571 1213 loco
1604 1168 1892 1228 particulam
1916 1184 2003 1230 que
2025 1168 2293 1215 solitariam
2328 1184 2427 1215 non
2468 1170 2577 1225 fert,

583 1232 868 1279 necessitate
891 1232 1128 1278 adductus
1149 1236 1194 1277 et
1215 1230 1515 1291 interposui:
1556 1246 1667 1278 cum
1704 1233 1971 1294 praesertim
2011 1233 2192 1279 autoris
2228 1249 2335 1279 eam
2372 1250 2578 1281 consue-

579 1297 698 1344 tudo
739 1296 1021 1359 postularet.
1087 1296 1210 1341 Vide
1249 1310 1292 1343 ν.
1323 1297 1428 1341 149.
1498 1296 1639 1343 Adde
1682 1312 1846 1344 meum
1888 1296 2219 1345 Tursellinum
2255 1298 2303 1344 in
2342 1298 2582 1359 particula

581 1376 683 1424 que.
767 1361 936 1409 Potest
979 1361 1124 1407 etiarn
1149 1360 1246 1421 legi
1287 1360 1762 1421 nullosque—sen.
1895 1362 2180 1424 Nulliusque
2212 1363 2373 1419 larem,
2396 1362 2576 1425 nullos]

582 1428 629 1474 A
669 1425 770 1485 (F.)
792 1426 846 1474 P.
871 1426 949 1487 gb.
986 1427 1156 1485 (ratem
1177 1425 1255 1484 F.)
1277 1425 1562 1487 Nulliusque
1596 1426 1743 1473 larem
1776 1433 1822 1473 et
1862 1428 2016 1473 nullos
2053 1427 2145 1481 vel,
2190 1427 2315 1488 quod
2354 1436 2576 1489 praestat:

582 1490 828 1553 nullosque
859 1506 898 1539 s.
939 1490 1134 1537 Nullius
1169 1490 1316 1536 larem
1353 1490 1526 1545 nullos,
1567 1488 1753 1550 (nullus
1788 1506 2023 1553 superscr.
2066 1507 2093 1537 o
2134 1491 2215 1551 E.)
2252 1492 2363 1539 EG.
2399 1492 2581 1540 Nullus

586 1554 702 1617 (sic)
729 1561 840 1602 tunc
863 1556 1012 1603 larem
1033 1554 1189 1611 nullos
1211 1556 1266 1600 B.
1299 1554 1436 1601 addit
1458 1554 1695 1602 P.——OR..

650 1622 756 1668 125.
794 1621 1043 1681 Coetusque
1059 1617 1265 1680 notavit]
1301 1618 1394 1678 (F)
1421 1618 1533 1679 Pgs.
1570 1626 1709 1667 eoetus
1740 1623 1923 1667 notavit
1946 1620 2007 1667 G.
2042 1622 2314 1682 notavitque
2349 1626 2493 1668 coetus
2514 1624 2573 1668 A.

580 1691 808 1747 eoetusque
826 1684 1008 1731 notabit
1031 1684 1090 1731 E.
1115 1690 1344 1745 caetusque
1365 1682 1563 1730 notabat
1584 1684 1642 1731 B.
1674 1690 1906 1746 coetusque
1924 1687 2111 1731 vocavit
2129 1685 2347 1731 b.-OR.

652 1750 759 1796 126.
792 1749 1046 1811 Increpat:
1086 1746 1129 1793 O
1153 1746 1234 1809 p.]
1271 1747 1519 1809 ABEgsb.
1554 1748 1789 1811 Increpito
1813 1764 1867 1810 p.
1909 1750 2010 1797 FP.
2046 1749 2261 1812 (partum
2295 1748 2371 1808 P.)
2412 1748 2593 1809 (Ibid.)

579 1812 785 1875 suboles]
815 1816 925 1875 Ags.
946 1813 1123 1861 soboles
1145 1812 1510 1860 BEPb.—-OR.

653 1878 758 1927 127.
795 1878 1058 1941 Deqeneres
1092 1875 1295 1938 semper]
1348 1877 1480 1924 Male
1516 1876 1733 1938 Vulgati,
1776 1876 2037 1939 Deqeneres
2070 1894 2171 1940 quae
2207 1878 2375 1925 habuit
2397 1894 2434 1925 s.
2456 1894 2504 1941 q.
2530 1878 2576 1925 h.

581 1959 646 1989 m.
713 1943 850 1990 Facit
868 1943 966 1990 huc
988 1948 1163 2005 praeter
1185 1941 1408 1999 Aratum,
1445 1940 1571 1988 illud
1597 1942 1919 1989 Horatianum
1944 1942 2054 1990 libr.
2077 1942 2179 1989 111.
2208 1943 2371 1990 Carm.
2393 1944 2467 1990 od.
2484 1942 2575 1990 VI.

582 2023 627 2056 v.
653 2008 734 2055 46.
770 2008 916 2055 AEtas
951 2012 1202 2069 parentum
1234 2008 1363 2067 pejor
1395 2008 1496 2053 avis
1520 2008 1631 2053 tulit
1656 2006 1756 2053 Nos
1786 2010 2045 2068 nequiores,
2080 2023 2191 2055 mox
2227 2008 2419 2054 daturos
2453 2006 2577 2054 Pro-

579 2075 762 2133 qeniem
801 2071 1306 2119 vitiosiorem—SCH.
1332 2096 1446 2106 —
1471 2070 1737 2132 Deqeneres
1786 2087 1966 2133 semper
2018 2088 2285 2134 semperque
2327 2070 2575 2133 habitura]

586 2136 836 2197 BEGgsb.
879 2136 1136 2197 Degeneres
1155 2150 1418 2197 semperque
1441 2135 1546 2183 hab.
1573 2140 1628 2182 A.
1666 2135 1927 2197 Deqeneres
1966 2134 2133 2184 habuit
2166 2152 2437 2199 semperque
2470 2136 2578 2183 hab.

583 2200 684 2312 lPF.
723 2200 893 2261 (Ibid.)
913 2198 1138 2261 minores]
1179 2200 1454 2247 ABEFPb.
1485 2206 1674 2262 nepotes
1695 2216 1768 2262 gs.
1836 2199 2042 2248 Videtur
2077 2202 2202 2263 conj.
2236 2202 2399 2263 potius
2432 2216 2580 2264 quam

605 2265 728 2313 ectio
751 2265 838 2312 cd.
864 2265 1109 2313 G.-OR.

654 2331 763 2378 128.
800 2330 928 2386 Quid
949 2328 1045 2389 me]
1084 2328 1162 2376 Ita
1183 2328 1293 2377 MS.
1317 2328 1535 2390 vulgati,
1570 2329 1700 2385 Quid
1730 2345 1802 2376 me
1832 2344 1957 2377 nune
1992 2329 2125 2377 abitu
2157 2344 2322 2390 supero
2354 2330 2418 2376 ad
2452 2330 2584 2377 mala

584 2401 692 2441 vota
715 2397 892 2441 vocatis
910 2392 937 2440 ,9
1002 2394 1325 2455 Manuscripti
1363 2393 1507 2441 lectio
1545 2394 1723 2456 proba:
1764 2393 1849 2441 sed
1878 2397 2084 2455 precatis
2117 2394 2349 2441 Latinum
2368 2409 2465 2440 non
2488 2400 2576 2441 est.

588 2459 788 2515 Dubito,
813 2474 872 2505 an
897 2473 994 2505 uon
1011 2461 1224 2521 precatis
1244 2458 1523 2519 legendum.
1592 2459 1795 2505 Festus:
1837 2456 2015 2506 Procat
2047 2458 2263 2506 dicebant
2290 2475 2379 2521 pro
2408 2461 2581 2519 poscit.

590 2523 762 2571 GnoT.
827 2522 960 2570 Festi
982 2523 1250 2569 obsoletum
1267 2526 1478 2585 promtis
1500 2524 1666 2570 abesse
1681 2523 1824 2583 jubet
1836 2522 2074 2583 elegantia
2100 2523 2379 2570 Germanici
2410 2524 2579 2570 nostri.

591 2590 825 2643 Precaris,
874 2588 1004 2649 quod
1047 2587 1186 2635 nobis
1227 2587 1424 2649 placuit,
1467 2588 1591 2635 mire
1633 2587 1859 2648 congruit
1902 2602 2015 2634 cum
2064 2588 2308 2648 superiore
2349 2588 2581 2635 oratione.

587 2652 798 2700 ——SCH.
939 2652 1067 2708 Quid
1111 2667 1200 2710 me,
1255 2652 1387 2713 cujus
1421 2651 1527 2698 abu
1561 2667 1685 2708 usus,
1717 2667 1807 2713 per
1846 2650 1979 2713 vota]
2018 2651 2269 2714 BEGgsb.
2331 2652 2460 2708 Quid
2511 2668 2585 2699 me

588 2718 723 2779 cujus
762 2716 952 2764 habitu-s
985 2732 1125 2777 super
1158 2722 1325 2763 vocata
1348 2720 1404 2764 A.
1441 2716 1573 2773 Quid
1592 2731 1665 2762 me
1684 2732 1811 2763 nune
1832 2713 2021 2764 habitus
2042 2724 2225 2778 superet
2262 2718 2421 2778 (super
2440 2721 2485 2763 et
2509 2716 2586 2775 P.)

587 2782 718 2829 mala
737 2787 846 2829 vota
870 2781 968 2828 FP.
1001 2780 1169 2841 (Ibid.)
1189 2778 1390 2843 vocatis]
1431 2781 1573 2828 AFP.
1598 2783 1807 2842 precatis
1848 2781 2069 2843 BEng.
2093 2782 2211 2843 Leg.
2250 2781 2423 2829 saltem
2458 2787 2587 2829 esset

589 2861 765 2959 winsi]
789 2844 1469 2971 Ρῖἷξῗιῗῖιῗῗιὶαῗέὁοξῗίςαιῑ,
1523 2910 1698 2958 tradat.
1802 2909 2324 2959 εἴκοι-δωμ-
2338 2908 2581 2971 Tradam]

590 2974 785 3022 ABEG
810 2974 960 3035 F.)gs.
999 2975 1156 3022 tradat
1181 2974 1235 3021 P.
1269 2976 1456 3021 student
1476 2974 1702 3021 b.—OR..

661 3040 770 3087 131.
802 3037 940 3100 Abit]
987 3039 1114 3085 male
1159 3038 1294 3085 deest
1331 3038 1438 3086 haec
1481 3053 1575 3084 vox
1612 3038 1963 3099 manuscripto.
2054 3037 2583 3087 Gnor.—SCH.-——

589 3103 779 3152 Montis
817 3106 878 3151 A.
929 3106 1135 3150 monitus
1157 3103 1216 3151 P.
1265 3104 1432 3163 (Ibid.)
1479 3101 1606 3164 abit]
1647 3102 1993 3166 AE(F.)Pgsb.
2045 3118 2140 3151 om.
2182 3102 2285 3150 abit
2320 3104 2383 3151 G.
2454 3103 2586 3150 Hinc

591 3167 719 3215 male
743 3166 1023 3229 suppletum
1043 3169 1095 3215 in
1118 3170 1174 3214 B.
1195 3186 1206 3214 z
1241 3168 1564 3229 petit—oa

660 3234 768 3279 132.
808 3231 1038 3280 Paventis
1064 3232 1393 3280 ABR—GR.

660 3297 769 3344 134.
808 3296 1060 3355 Demersa]
1094 3297 1222 3344 male
1261 3296 1366 3345 MS.
1403 3297 1633 3344 dimensa.
1714 3296 2021 3343 Contrarium
2064 3310 2275 3343 errorem
2308 3296 2360 3342 in
2396 3296 2587 3343 Avieno

590 3362 775 3409 notavi.
842 3364 959 3408 Post
989 3362 1122 3409 huno
1159 3376 1352 3408 versum
1392 3360 1683 3421 sequebatur
1719 3360 1771 3406 in
1810 3361 2021 3421 vulgatis
2056 3360 2180 3407 alius
2214 3360 2340 3416 talis,
2380 3360 2587 3423 Quisque

589 3428 753 3487 priora
775 3431 900 3472 tenet
919 3429 1129 3487 vestique,
1155 3428 1348 3489 quisque
1368 3425 1587 3472 secunda.
1624 3425 1707 3486 qui
1730 3440 1895 3471 versus
1918 3440 1976 3471 ex
2000 3440 2073 3480 eo,
2095 3424 2178 3486 qui
2200 3424 2325 3471 infra
2350 3426 2585 3485 sequitur,

590 3504 843 3551 perperam
875 3491 1124 3551 repetitus,
1161 3490 1382 3551 ideoque,
1421 3490 1492 3536 uti
1532 3490 1583 3535 in
1622 3489 1957 3552 Manuscripto
1999 3490 2148 3546 deest,
2186 3488 2257 3536 ita
2297 3496 2347 3537 et
2384 3505 2412 3535 a
2448 3490 2587 3537 nobis

595 3554 797 3601 deletus.
867 3551 1656 3614 GROT.—SCH.---Demersa]
1695 3554 1997 3615 A(F.)Pgsb.
2032 3554 2243 3601 dimensa
2274 3554 2421 3601 BEG.
2471 3555 2591 3602 Post

592 3620 724 3667 hunc
749 3634 794 3665 v.
817 3618 1043 3665 inseritur
1064 3619 1115 3666 in
1138 3619 1278 3666 AFP.
1304 3635 1346 3667 v.
1374 3619 1479 3665 143.
1538 3618 1743 3681 Quisque
1778 3617 2027 3680 (Quisquis
2046 3618 2126 3677 A.)
2153 3619 2321 3679 prim-a
2343 3624 2466 3666 tenet
2488 3634 2587 3667 ves-

593 3686 709 3746 tiqia
733 3685 930 3745 quisque
951 3684 1178 3745 (quinque
1197 3680 1286 3740 A.)
1313 3683 1533 3731 secunda.
1571 3683 1719 3729 Abest
1740 3698 1769 3729 a
1793 3682 2219 3744 BEGgsb.—OR.

605 3756 610 3761 ’
663 3750 773 3796 135.
809 3746 1060 3810 Fen-ique,
1097 3747 1202 3806 eya]
1246 3747 1358 3794 Vid.
1402 3747 1605 3795 Hesiod.
1628 3747 1771 3809 Oper.
1796 3746 1838 3793 Ι.
1865 3748 1973 3803 139,
2002 3762 2135 3809 seqq.
2175 3746 2260 3808 qui
2298 3752 2445 3808 negat
2482 3753 2589 3795 tum

593 3812 775 3873 ferrum
799 3812 963 3869 fuisse,
991 3813 1060 3858 ait
1081 3812 1219 3858 aereis
1245 3812 1390 3859 armis
1411 3817 1683 3873 pugnatum
1708 3811 2046 3859 esse.--SCH.

662 3879 767 3925 136.
804 3876 1002 3938 Aratro]
1037 3876 1370 3923 Vetustissimi
1403 3876 1625 3923 homines
1660 3876 1795 3926 nefas
1816 3876 2159 3923 existimarunt
2179 3875 2395 3923 occidere
2417 3875 2589 3922 bovem

593 3948 847 3997 aratorem,
882 3947 938 3988 ut
973 3941 1053 3989 cui
1090 3941 1244 3988 victus
1268 3948 1316 3989 et
1345 3940 1458 3987 vitae
1492 3940 1707 3987 maxima
1741 3956 1852 4002 pars
1884 3941 2153 3989 deberetur.
2221 3940 2373 3987 Varro
2393 3939 2434 3986 Ι.
2460 3940 2519 3987 de
2538 3954 2590 3987 re
2677 3962 2681 3965 ·

593 4014 710 4053 rust.
735 4022 775 4053 c.
802 4007 847 4061 5,
892 4006 984 4053 Bos
1015 4008 1166 4053 socius
1205 4006 1446 4052 hominum
1467 4007 1520 4052 in
1540 4008 1718 4053 rustico
1750 4021 1900 4067 opere,
1933 4010 1978 4053 et
2005 4004 2187 4053 Cereris
2222 4006 2447 4052 minister.
2517 4004 2590 4051 Ab

594 4068 682 4117 hoc
701 4072 887 4133 antiqui
907 4086 1100 4119 manum
1120 4072 1191 4119 ita
1211 4070 1437 4118 abstineri
1457 4070 1718 4128 voluerunt,
1741 4074 1795 4117 ut
1814 4072 1969 4132 capite
2000 4072 2265 4126 sanxerint,
2287 4071 2330 4115 si
2348 4070 2453 4131 quis
2473 4071 2590 4116 occi-
