2992 4842
1281 599 1593 646 scnomA.
2349 581 2437 646 29

531 739 671 806 Sub
713 740 934 806 aculeo
981 738 1348 825 Scorpionis
1397 739 1762 805 Sacrarium
1815 738 2239 804 constitutum
2290 751 2433 820 est;

443 828 563 890 sub
594 849 856 912 corpore
887 829 1029 912 ejus
1053 826 1370 890 anteriora
1402 825 1718 890 Centauri
1740 824 2057 903 videntur,
2088 825 2156 889 in
2178 849 2309 911 quo
2338 839 2439 892 est

442 913 670 977 bestia.
762 911 1172 997 Conspicitur
1201 924 1268 976 et
1299 911 1632 996 Sagittarii
1677 933 1791 996 pes
1838 934 2126 976 summus
2176 935 2264 976 ex
2313 913 2439 978 alia

445 1010 652 1084 parte.
758 999 896 1062 Sub
937 997 1202 1063 australi
1251 999 1490 1062 circulo
1539 1019 1741 1082 prope
1780 995 2097 1062 Centauri
2148 999 2438 1063 membra

447 1084 698 1168 Hydrae
727 1085 949 1162 cauda,
983 1094 1052 1148 et
1081 1082 1380 1164 Cornus3
1424 1084 1504 1147 ad
1542 1104 1757 1168 genua
1802 1081 2091 1167 Virginis
2136 1105 2299 1148 urna
2336 1095 2437 1150 est

445 1171 690 1254 posita:
739 1193 778 1234 a
806 1170 1076 1234 sinistris
1119 1169 1378 1234 Orionis
1425 1169 1559 1254 (qui
1588 1180 1657 1233 et
1684 1167 1932 1253 Incola)
1987 1168 2272 1248 Fluvius,
2323 1171 2439 1255 qui

446 1267 516 1319 et
561 1255 799 1333 Padus,
847 1277 1098 1320 necnon
1143 1265 1211 1319 et
1253 1253 1616 1320 Eridanus:
1664 1255 1784 1319 sub
1827 1255 2100 1339 pedibus
2153 1254 2435 1335 OrioniS,

449 1341 563 1424 qui
589 1353 658 1405 et
675 1341 898 1406 Incola
918 1341 1170 1419 dicitur,
1196 1339 1416 1426 Lepus
1437 1339 1769 1424 splendida
1790 1341 2002 1425 effigie
2027 1341 2437 1426 conspicitur.

449 1427 833 1491 Retrorsum
861 1450 1011 1492 vero
1040 1451 1079 1491 a
1153 1427 1378 1490 edibus
1407 1427 1547 1512 ejus
1568 1423 1763 1491 Canis
1782 1426 2113 1511 splendida
2126 1426 2435 1510 refulget:

447 1525 594 1597 post
621 1515 806 1578 cu'us
824 1512 1090 1577 caudam
1104 1450 1317 1577 {lavis
1338 1512 1691 1576 constituta
1710 1523 1810 1576 est
1827 1537 1843 1590 3
1889 1512 1970 1577 ad
1986 1511 2187 1576 Tauri
2207 1513 2439 1612 pedem

447 1610 678 1683 proten
728 1598 777 1662 't
796 1621 1059 1662 manum
1083 1597 1286 1662 Orion
1317 1622 1332 1662 ε
1379 1598 1651 1683 pedibus
1672 1597 1935 1662 Gemini
1958 1610 2440 1684 approplnquat

450 1685 785 1749 Anticanis
811 1709 826 1748 z
875 1706 1070 1769 super
1099 1694 1295 1767 caput
1327 1683 1569 1748 Arietis
1598 1705 1728 1747 non
1751 1683 1943 1766 longe
1974 1685 2057 1749 ab
2076 1683 2441 1748 Androme-

450 1769 550 1833 dae
581 1770 850 1855 pedibus
881 1769 1268 1853 Triangulus
1305 1769 1553 1855 positus
1604 1780 1733 1847 est3
1782 1769 1904 1833 sub
1952 1769 2174 1834 Ariete
2204 1781 2273 1834 et
2301 1769 2441 1835 Pis-

449 1857 628 2005 ciblus
659 1853 891 1935 Cetus;
937 1855 1258 1920 connexio
1285 1877 1436 1922 vero
1485 1853 1770 1919 Piscium
1800 1877 2205 1920 communem
2242 1855 2441 1921 habet

447 1954 544 2006 ste
595 1964 718 2008 am.

539 2192 942 2260 QUAERITUR,
983 2215 1098 2258 cur
1139 2216 1178 2258 a
1225 2193 1383 2258 Jove
1427 2193 1693 2277 incepit,
1748 2203 1817 2257 et
1862 2215 1994 2257 uon
2022 2215 2061 2258 a
2088 2193 2309 2272 musis,
2364 2207 2441 2260 ut

450 2278 828 2343 Homerus?
920 2276 1326 2344 Conveniens
1384 2279 1587 2363 magis
1644 2279 1765 2343 hoc
1826 2279 2215 2344 existimavit
2262 2281 2443 2365 prin-

447 2365 687 2450 cipium
734 2363 1209 2442 PhaenomeniS,
1262 2365 1361 2428 uti
1389 2365 1433 2428 J
1433 2387 1616 2429 ovem
1660 2365 2004 2443 invocaret,
2098 2366 2227 2429 uod
2271 2367 2441 2450 ipso·-

447 2473 594 2516 rum
645 2451 998 2516 carminum
1046 2451 1223 2534 origo
1274 2462 1373 2515 est
1422 2451 1704 2536 Jupiter.
1796 2451 1951 2515 Non
2003 2474 2073 2515 so
2097 2473 2175 2515 us
2221 2463 2441 2517 autem

447 2537 542 2601 ita
597 2536 867 2621 coepisse
924 2537 1178 2601 videtur
1235 2537 1502 2614 Aratus„
1552 2537 1665 2602 sed
1710 2547 1782 2601 et
1834 2536 2063 2603 Crates
2120 2535 2438 2616 Comicus,

449 2647 488 2687 a
516 2622 722 2688 Vesta
746 2623 1058 2708 incipiens
1089 2633 1157 2687 et
1182 2623 1420 2708 profari
1448 2623 1729 2688 carmina
1750 2649 1765 2701 ;
1816 2622 2112 2708 Sophron
2134 2623 2200 2686 in
2221 2623 2437 2702 mimo,

451 2708 564 2793 qui
596 2708 894 2774 Nuncius
922 2708 1310 2786 inscribitur,
1343 2733 1382 2773 a
1409 2707 1616 2773 Vesta
1642 2708 1974 2794 incipiens.
2066 2708 2311 2773 Omnes
2340 2709 2441 2773 in-

447 2806 674 2859 vocant
703 2794 747 2857 J
747 2817 927 2858 ovem
958 2795 1244 2858 omnium
1272 2793 1649 2880 principem.
1753 2795 1883 2860 Sed
1912 2795 2227 2880 quaeritur
2254 2796 2441 2880 cujus

451 2880 494 2943 J
494 2882 626 2944 ovis
671 2880 1056 2956 meminerit,
1099 2892 1402 2945 utrumne
1451 2880 1750 2957 fabulosi,
1783 2903 1867 2946 an
1896 2880 2256 2945 naturalis?
2347 2879 2443 2946 Et

449 2966 813 3050 philosophi
855 2967 1115 3051 quidem
1172 2966 1434 3050 plurimi
1479 2967 1789 3030 naturalis
1842 2967 2026 3031 aiunt
2071 2988 2221 3030 eum
2263 2965 2307 3030 J
2306 2967 2439 3031 ovis

449 3053 833 3116 meminisse.
927 3051 1056 3116 Sed
1097 3049 1326 3116 Crates
1355 3053 1466 3130 ait,
1500 3051 1543 3114 J
1543 3074 1723 3116 ovem
1754 3053 1998 3117 dictum
2025 3053 2294 3129 caelum3
2340 3051 2443 3115 in-

449 3150 744 3202 vocatum
771 3160 920 3202 vero
948 3138 1200 3214 meritc,
1233 3138 1386 3222 quia
1411 3138 1482 3201 in
1512 3147 1657 3202 aere
1676 3149 1743 3201 et
1760 3139 1999 3202 aethere
2023 3149 2177 3202 sunt
2198 3138 2436 3217 sidera3

451 3234 518 3287 et
550 3223 912 3288 Homerum
943 3223 1183 3287 dixisse
1213 3223 1255 3286 J
1257 3246 1433 3288 ovem
1464 3223 1535 3286 in
1564 3224 1779 3308 aliqua
1804 3234 1989 3308 parte
2007 3224 2255 3290 caelum.
2344 3224 2439 3288 Et

449 3310 587 3394 ipse
621 3309 885 3387 Aratus,
917 3310 1091 3395 quod
1120 3310 1274 3373 dicit
1305 3309 1699 3385 Herodotus,
1732 3309 1956 3374 Jovem
1987 3311 2230 3374 dictum
2267 3319 2435 3388 aera,

452 3407 519 3458 et
551 3395 774 3460 Crates
803 3395 1065 3480 quidem
1095 3396 1377 3481 ejusdem
1413 3405 1515 3459 est
1551 3395 1891 3480 opinionis,
1917 3406 2275 3481 testemque
2299 3419 2437 3460 esse

453 3481 789 3545 Philonem
823 3481 1153 3545 Comicum
1183 3481 1357 3546 dicit.
1451 3480 1598 3545 Hoc
1628 3492 1847 3546 autem
1869 3493 2119 3547 constat
2139 3493 2208 3546 et
2221 3481 2437 3566 ipsum

453 3567 681 3632 dicere.
775 3567 946 3631 Nam
977 3567 1129 3652 quia
1167 3567 1329 3630 nihil
1369 3566 1545 3631 aliud
1588 3578 1688 3631 est
1728 3566 1905 3646 Vox,
1948 3591 2143 3654 quam
2180 3589 2439 3652 percus-

452 3675 562 3717 sus
590 3661 718 3730 aer,
749 3653 1001 3717 videtur
1026 3653 1482 3717 convenienter
1512 3652 1775 3734 dixisse,
1824 3677 1971 3739 quae
2000 3655 2095 3718 rei
2121 3663 2439 3738 praestent

452 3739 920 3816 auctoritatem,
967 3738 1188 3823 plenas
1218 3739 1375 3802 Jove
1404 3739 1537 3803 vias
1577 3739 1880 3816 referens,
1934 3752 2001 3805 et
2048 3761 2269 3803 omnes
2319 3738 2437 3802 ho-

449 3825 697 3888 minum
746 3836 1118 3889 conventus.
1209 3824 1393 3888 Nihil
1443 3847 1688 3902 eorum,
1738 3848 1887 3912 quae
1933 3826 2002 3889 in
2044 3836 2217 3889 terra
2256 3834 2432 3902 sunt,

451 3911 588 3974 sine
635 3920 778 3977 aere
809 3922 946 3975 estt
993 3910 1239 3975 ratione
1286 3911 1502 3988 etiam,
1549 3913 1733 3996 cujus
1779 3934 1999 3976 omnes
2042 3932 2233 3974 usum
2272 3910 2437 3974 desi-

417 3997 766 4061 ·deramus.
859 3995 1031 4061 Nam
1079 3997 1292 4061 cuncti
1331 3997 1631 4060 mortales
1672 3998 2023 4062 ostendunt
2062 4018 2252 4061 usum
2295 4017 2433 4059 sus-

447 4083 632 4168 pirio,
665 4094 733 4148 et
776 4105 923 4147 cum
967 4083 1255 4162 vivimuS,
1303 4092 1446 4149 aere
1484 4083 1866 4167 indigemus,
1957 4084 2053 4149 At
2100 4082 2275 4169 quod
2318 4081 2433 4162 ait,
