2992 4842
1159 628 1430 664 Arrsnmx
1455 628 1786 665 caumana.
2360 609 2477 682 cxiii

493 743 585 808 Et
612 753 834 808 ventos
863 753 978 807 aut
1005 742 1235 808 fundet
1263 767 1484 830 aquae,
1515 745 1937 828 gelidissimus
1968 743 2156 808 undae

493 829 600 894 Fit
629 831 800 914 rigor
830 842 896 894 et
927 841 1064 894 toto
1097 830 1334 895 Boreas
1365 831 1799 895 dominabitur
1828 831 2003 895 orbe.

493 914 588 979 At
617 915 830 980 faciles
859 915 1076 1000 glebas
1107 917 1401 1001 astringit
1428 918 1663 1000 frigore
1694 941 1887 981 verno

493 1001 688 1066 Alma
715 1001 962 1079 Venus,
1003 1000 1274 1066 Pecudis
1304 1005 1472 1067 claro
1504 1026 1697 1088 quom
1728 1003 1958 1067 vellere
1986 1001 2169 1067 fulsit
2424 1017 2477 1055 ⁵⁰

494 1087 630 1151 Sub
659 1088 869 1151 lucem
897 1089 1190 1152 exoriens
1217 1115 1232 1165 3
1281 1089 1630 1173 eademque
1662 1089 1774 1152 ubi
1807 1101 2099 1173 tempore⁴
2124 1088 2347 1152 eodem

490 1173 863 1238 AEtherium
891 1175 1066 1238 venit
1095 1174 1383 1239 Taurum
1413 1198 1626 1260 super,
1656 1175 1969 1239 imbribus
1999 1174 2153 1239 atris

489 1259 582 1323 Et
612 1261 857 1323 tonitru
890 1260 1236 1345 crebraque
1267 1261 1599 1326 abscondit
1627 1261 1936 1344 grandine
1967 1270 2187 1324 terras·

553 1434 631 1480 48.
667 1432 777 1495 Fit]
815 1433 906 1482 Bu.
982 1432 1109 1481 Tum
1131 1432 1202 1480 Ir.

421 1543 426 1550 ,
551 1499 632 1545 49.
666 1497 732 1544 At
756 1499 934 1558 faciles
971 1499 1133 1561 ylebas
1165 1499 1388 1558 astrinqit
1424 1497 1520 1546 Bu.
1584 1495 1649 1544 At
1668 1497 1840 1556 facilis
1868 1497 2011 1559 ylebae
2048 1497 2151 1545 luta
2188 1497 2377 1558 strinyil
2412 1495 2478 1542 Ir.

489 1561 678 1621 Cetera,
717 1563 770 1610 in
803 1564 978 1626 quibus
1015 1563 1174 1610 differt
1211 1562 1451 1610 restitutio
1487 1569 1653 1610 nostra
1673 1578 1703 1610 a
1726 1563 1844 1611 Cod.
1870 1562 2039 1620 Basil„
2076 1567 2291 1610 correcta
2311 1567 2427 1608 sunt
2448 1575 2476 1607 e

491 1627 643 1675 Codd.
665 1627 912 1676 Puteaneo
937 1635 986 1676 et
1019 1627 1313 1676 Matritensi.

553 1755 728 1804 Noris
753 1771 823 1805 An
847 1755 1114 1805 Pannona.
1147 1759 1240 1806 123
1280 1755 1695 1818 Anna—Longe
1733 1755 2025 1818 probabilior
2058 1769 2207 1816 quam
2246 1753 2481 1802 Grotiana

486 1821 764 1883 conjectura
784 1824 999 1886 tristique
1027 1838 1172 1884 yenas
1193 1821 1462 1870 abscondita
1484 1825 1605 1874 vitta
1627 1829 1701 1870 est
1724 1821 2025 1868 Salmasiana
2047 1819 2271 1880 (Tertull.
2298 1820 2354 1866 de
2370 1819 2477 1881 pal-

485 1886 567 1934 lio.
637 1886 866 1944 Lutetiae,
903 1887 1055 1946 Paris,
1096 1887 1288 1943 1622-8,
1325 1902 1372 1948 p.
1402 1885 1521 1945 117)
1561 1889 1773 1947 tristique
1806 1901 1951 1948 ymas
1988 1885 2261 1933 abscondita
2297 1886 2414 1942 n'ca,
2452 1899 2481 1931 a

489 1951 706 2000 Gesnero
721 1958 772 2000 et
786 1951 1057 2000 Forcellino
1080 1952 1132 2000 in
1165 1951 1419 1999 Thesauris
1439 1967 1484 1998 v.
1500 1955 1603 2000 rica
1624 1951 1729 2000 sine
1747 1951 1957 2000 auctoris
1980 1950 2177 1998 nomine
2197 1957 2480 1998 memorata.

1646 2241 1673 2270 ,,

483 2410 552 2459 X.
589 2410 797 2460 NOTAE
835 2411 1110 2460 BREVES
1145 2412 1243 2461 DE
1280 2411 1737 2461 SCHOLIASTAE
1776 2402 2206 2462 QUIBUSDAM
2240 2409 2459 2470 LOCIS,

393 2552 400 2560 “
485 2551 593 2598 Vm
633 2551 803 2600 doctus
842 2551 902 2600 C.
939 2552 1005 2599 G.
1044 2551 1269 2616 Heynius
1303 2552 1355 2598 in
1396 2551 1613 2614 epistola,
1658 2567 1805 2613 quam
1841 2551 1901 2599 ad
1936 2551 1987 2600 J.
2012 2551 2069 2600 C.
2094 2550 2481 2599 Schaubachium

487 2616 825 2664 Eratosthenis
869 2617 1100 2665 editorem
1147 2617 1447 2679 conscripsit,
1481 2617 1587 2663 haec
1623 2617 1797 2663 habet:
1841 2619 1892 2664 Si
1922 2623 2047 2664 recte
2094 2616 2243 2672 video,
2286 2615 2483 2663 Eratos·

483 2682 642 2729 thenes
661 2681 788 2729 nihil
822 2683 960 2730 aliud
993 2689 1164 2744 eyeral,
1203 2697 1344 2744 quam
1367 2688 1422 2728 ut
1441 2680 1593 2727 Arato
1617 2681 1776 2728 brevia
1798 2680 1989 2728 Scholia
2012 2680 2269 2742 subjiceret,
2290 2683 2482 2728 seorsim

477 2750 756 2808 perscripta,
788 2785 798 2793 .
817 2781 831 2794 .
849 2781 863 2794 .
881 2781 893 2794 .
928 2747 1122 2794 Scholia
1163 2747 1227 2794 ad
1269 2747 1602 2793 Germanicum
1627 2747 1775 2806 fuere
1816 2749 1899 2806 qui
1940 2745 2003 2793 ab
2048 2749 2149 2807 ipso
2197 2743 2480 2793 Germanico

485 2814 689 2859 camini
711 2827 769 2858 ex
796 2814 948 2859 Arato
981 2826 1112 2858 verso
1152 2811 1334 2872 adjecta
1373 2811 1641 2868 crederent3
1676 2816 1789 2858 sunt
1824 2817 1981 2858 tamen
2004 2826 2061 2856 ea
2082 2816 2178 2857 tam
2198 2813 2418 2872 imperite
2438 2819 2486 2860 el·

488 2876 686 2924 barbare
709 2893 767 2924 ex
787 2876 1116 2932 Eratosthene,
1155 2878 1351 2938 adjectis
1371 2877 1482 2925 aliis
1506 2875 1709 2931 aliunde,
1733 2876 1931 2932 reddita,
1953 2880 2121 2922 utnon
2139 2876 2237 2920 nisi
2256 2890 2287 2919 a.
2305 2878 2480 2922 seriore

483 2942 644 3004 aliquo
667 2941 852 2988 homine
867 2943 1110 3004 proficisci
1133 2945 1341 3003 potuisse
1360 2940 1634 2996 videantur,
1672 2943 1758 3003 qui
1775 2943 1847 2988 uti
1870 2938 2070 2987 Aratum
2091 2938 2280 2988 scholiis
2299 2941 2481 2988 viderat

492 3008 664 3054 Graecis
702 3009 997 3063 instructum,
1037 3010 1108 3053 ita
1151 3007 1476 3053 Germanicum
1508 3004 1699 3052 Latinis
1726 3021 1921 3052 onerare
1940 3006 2105 3053 voluit.
2174 3003 2355 3051 Utrum
2376 3003 2479 3052 haec

485 3071 726 3118 sententia
749 3086 862 3118 vera
884 3071 962 3128 sit,
991 3071 1143 3118 lector
1165 3071 1305 3118 facile
1329 3071 1486 3118 dicat:
1520 3069 1612 3117 hoc
1636 3079 1764 3118 certe
1788 3070 2023 3132 comperti
2044 3077 2132 3128 est,
2158 3068 2479 3116 Scholiastem

489 3135 770 3183 Germanici
791 3151 945 3198 usque
969 3137 1086 3183 adeo
1111 3136 1171 3182 ad
1193 3137 1392 3183 verbum
1416 3135 1794 3182 Eratosthenem
1818 3141 2080 3197 sequutum
2101 3134 2229 3182 utin
2252 3133 2479 3182 omnibus

484 3200 584 3247 fere
604 3201 740 3257 locis,
769 3201 981 3248 siderum
1003 3201 1220 3248 numeris
1235 3208 1282 3248 et
1297 3200 1575 3248 nominibus
1598 3200 1900 3257 conveniant,
1924 3207 2068 3262 atque
2090 3199 2237 3247 etiam
2261 3198 2480 3246 ubicum-

486 3280 581 3326 que
604 3265 731 3312 inter
753 3281 804 3312 se
826 3265 1012 3312 variant
1032 3265 1084 3312 hi
1108 3266 1204 3312 duo
1225 3265 1495 3328 scriptores,
1528 3279 1675 3312 causa
1696 3266 1759 3313 sit
1781 3265 1832 3312 in
1852 3265 2076 3326 imperito
2100 3263 2358 3321 imitatore,
2394 3263 2478 3325 qui

487 3329 878 3386 Eratosthenem,
935 3330 1107 3378 Graece
1149 3330 1454 3387 scribentem,
1508 3330 1673 3376 minus
1718 3329 2024 3377 intellexerit.
2093 3329 2245 3376 Stilus
2262 3381 2271 3389 „
2286 3343 2479 3391 quoque

486 3394 640 3442 nostri
663 3394 945 3442 Scholiastae
969 3411 1024 3442 ac
1047 3411 1202 3456 genus
1223 3395 1468 3457 loquendi,
1504 3395 1677 3442 merito
1710 3411 1823 3442 eum
1856 3395 1908 3441 in
1942 3394 2227 3442 deteriorem
2268 3394 2477 3456 Linguae

487 3459 680 3508 Latinae
704 3467 898 3508 aetatem
928 3460 1159 3522 relegant.
1229 3461 1511 3522 Sequuntur
1531 3460 1696 3506 breves
1721 3460 1941 3522 quaedam
1966 3460 2335 3516 observationes,
2358 3473 2479 3520 quas

483 3525 660 3587 partim
699 3525 1024 3588 suppeditavit
1059 3526 1244 3572 amicus
1279 3541 1419 3572 meus
1457 3525 1522 3572 G.
1562 3525 1845 3586 Burgesius,
1884 3525 2061 3588 partim
2096 3525 2217 3572 mihi
2256 3523 2477 3570 libellum

486 3605 653 3638 meum
677 3589 955 3639 retractanti
975 3591 1069 3647 hic,
1095 3591 1184 3638 etsi
1207 3590 1327 3638 levis
1351 3589 1549 3653 quidem
1570 3590 1822 3646 momenti,
1843 3590 1997 3636 visum
2023 3596 2096 3637 est
2118 3589 2398 3650 adjungere.

549 3652 770 3717 Pa9.27.
809 3655 910 3702 Sub
931 3655 1108 3702 torrido
1133 3656 1330 3718 quidam
1363 3656 1596 3712 habitare,
1633 3653 1750 3716 etc.]
1786 3656 1822 3702 i.
1838 3671 1878 3702 e.
1902 3654 2109 3702 homines
2143 3655 2243 3701 sive
2284 3653 2477 3709 incolas,

489 3734 598 3781 quae
621 3735 713 3767 vox
737 3728 848 3767 ante
867 3721 1070 3768 modum
1091 3721 1386 3769 infinitivum
1409 3720 1625 3768 habitare
1647 3720 1827 3766 omissa
1846 3719 1962 3766 satis
1983 3718 2042 3766 de
2066 3733 2169 3766 aevo
2194 3717 2477 3765 Scholiastae

487 3785 762 3846 argumenti
793 3786 1002 3847 praebet:
1037 3786 1206 3833 eadem
1229 3802 1306 3834 res
1325 3787 1384 3834 de
1406 3785 1575 3833 eadem
1598 3799 1714 3832 voce
1736 3785 1940 3834 duarum
1960 3783 2215 3832 intervallo
2234 3782 2477 3830 linearum

483 3849 662 3896 iterum
687 3850 911 3899 notanda.

551 3912 673 3977 Paq.
689 3915 769 3962 29.
805 3917 834 3941 ‘⁶
854 3914 950 3962 Sed
973 3921 1022 3961 et
1046 3915 1213 3962 Crates
1235 3916 1449 3962 comicus
1474 3912 1513 3960 A
1542 3912 1679 3960 Vesta
1711 3914 1942 3975 incipieus
1960 3919 2005 3960 et
2017 3913 2207 3975 profari
2242 3909 2475 3974 carmine]

489 3978 584 4027 Pro
613 3979 779 4027 Crates
798 3978 898 4040 legi
920 3979 1062 4026 debet
1085 3980 1328 4026 Cratinus.
1395 3978 1631 4026 Similiter
1650 3979 1701 4026 in
1728 3979 1899 4040 Cygno
1922 3983 1934 4004 ‘
1956 3977 2121 4026 Crates
2144 3977 2479 4039 traqoediarum

486 4043 723 4106 scriptor?
756 4043 1058 4092 Valckenaer
1073 4045 1134 4091 ad
1151 4045 1320 4092 Phoen.
1338 4043 1432 4094 447
1450 4043 1725 4090 emendavit
1743 4048 1755 4069 ‘
1774 4044 1997 4091 Cratinus
2009 4043 2368 4099 comoediarum,'
2388 4043 2475 4089 &c.

490 4108 672 4157 Versus
699 4108 887 4157 Comici
906 4109 1013 4169 fuit,
1029 4111 1214 4172 opinor,
1231 4111 1334 4172 Ἀφ’
1361 4105 1569 4166 Ἑστίας
1591 4107 1877 4172 ἀρχόμενος
1899 4105 1980 4156 ὧδ’
2001 4103 2145 4173 ᾄδειν
2166 4105 2295 4171 μέλη
2314 4126 2325 4155 z
2349 4107 2479 4155 unde
