2992 4842
1277 547 1586 594 scnomA.
2338 530 2426 595 45

432 705 583 748 cum
628 706 831 748 uxore
876 684 1128 770 Pyrrha
1155 686 1225 749 in
1269 697 1488 751 monte
1532 687 1758 764 AEtna,
1808 687 1922 772 qui
1953 697 2053 752 est
2081 686 2423 754 altissimus

432 769 505 832 in
558 770 813 847 Sicilia3
860 783 927 834 et
973 784 1393 856 posteaquam
1424 795 1495 836 se
1539 784 1607 835 et
1636 794 1906 836 uxorem
1947 795 2128 837 suam
2157 773 2225 836 in
2255 783 2426 837 terra

433 855 731 918 relictum
758 857 1028 936 censuit,
1058 858 1350 921 orbitatis
1380 869 1447 920 et
1474 857 1788 921 vastitatis
1819 858 2140 936 misertus,
2165 859 2246 921 ab
2267 857 2426 922 Jove

434 940 683 1024 precari
728 942 942 1025 caepit,
991 953 1069 1006 ut
1114 952 1229 1006 aut
1258 953 1327 1006 et
1354 943 1481 1026 ipsi
1522 943 1883 1020 interirent,
1934 954 2047 1007 aut
2091 942 2427 1007 hominum

438 1047 644 1108 genus
675 1028 1112 1092 restituerent.
1202 1026 1459 1111 Jupiter
1488 1028 1819 1112 respondit
1845 1040 1913 1092 et
1932 1051 2048 1112 per
2067 1039 2303 1092 sortem
2327 1029 2426 1092 in-

436 1110 691 1190 dicavit,
721 1121 796 1174 ut
822 1111 1089 1195 lapideS,
1121 1135 1283 1196 quos
1312 1124 1461 1176 ante
1492 1135 1560 1176 se
1591 1113 2001 1196 reperissent,
2029 1123 2174 1197 post
2203 1135 2270 1176 se
2291 1115 2427 1198 jac·-

436 1206 626 1259 taret.
720 1195 991 1260 Reversi
1031 1198 1275 1281 itaque,
1318 1207 1640 1281 quotquot
1685 1197 2040 1270 Deucalion
2073 1198 2269 1277 misit,
2313 1197 2428 1261 viri

435 1281 722 1357 fiebant;
770 1305 932 1366 quos
978 1281 1247 1366 Pyrrha,
1286 1283 1590 1348 foeminae.
1684 1283 1835 1348 Quo
1865 1283 2033 1348 facto
2063 1305 2286 1346 rursus
2314 1283 2430 1347 ho-

439 1365 691 1430 minum
719 1389 921 1450 genus
945 1380 1171 1432 natum
1202 1377 1322 1447 est,
1345 1369 1427 1432 ob
1459 1391 1654 1452 quam
1683 1391 1818 1432 rem
1846 1375 1986 1436 λαὸς
2037 1369 2267 1432 Graece
2313 1391 2428 1452 po-

439 1451 633 1533 pulus
664 1452 919 1532 dicitur,
952 1454 1103 1536 quia
1128 1452 1291 1536 lapis
1320 1454 1684 1538 antiquitus
1715 1453 1945 1517 Graece
1974 1457 2121 1521 λᾶας
2149 1453 2428 1536 appella-

440 1536 653 1601 batur.
747 1537 856 1601 Ab
876 1538 1156 1622 antiquis
1177 1538 1435 1622 quidem
1460 1539 1693 1602 dicitur
1718 1539 2017 1602 Aristeus
2034 1538 2203 1601 filius
2226 1538 2430 1622 Apol-

439 1620 591 1685 linis
618 1621 837 1702 fuisse,
860 1645 1053 1706 quem
1083 1623 1321 1706 Apollo
1352 1623 1586 1687 dicitur
1626 1647 1712 1688 ex
1754 1622 2008 1708 Cyrene
2048 1624 2433 1706 procreasse,

444 1727 639 1790 quam
696 1709 1069 1792 compressit
1123 1709 1192 1771 in
1248 1719 1465 1772 monte
1514 1708 1798 1793 Orpheo,
1851 1709 1962 1792 qui
2008 1705 2280 1792 Cyrenis
2332 1719 2433 1772 est

442 1792 823 1875 appellatus.
916 1793 1208 1857 Aristeus
1237 1795 1469 1858 dicitur
1499 1795 1794 1858 omnibus
1817 1794 2061 1858 artibus
2083 1794 2307 1856 doctus
2327 1793 2432 1858 fu-

444 1876 595 1954 isse,
618 1879 852 1961 quibus
871 1890 1135 1942 caeteros
1157 1879 1445 1943 homines
1470 1881 1550 1942 ad
1573 1880 1773 1944 bonos
1791 1879 2038 1942 fructus
2057 1879 2435 1942 utilitatem-

445 1983 576 2045 que
606 1963 1016 2047 perducebat.
1104 1963 1195 2040 Is,
1229 1987 1375 2028 cum
1408 1963 1733 2028 Caniculae
1774 1965 2028 2046 signum
2056 1963 2434 2048 pestiferum

445 2049 743 2124 oriretur,
775 2059 843 2112 et
872 2050 1089 2113 statim
1117 2061 1467 2133 praesentes
1496 2050 1748 2114 fructus
1775 2049 2186 2126 laederentur,
2216 2059 2283 2112 et
2321 2047 2436 2112 ho-

445 2135 655 2198 mines
683 2134 991 2198 diuturna
1019 2134 1387 2218 pestilentia
1416 2135 1845 2212 afficerentur,
1893 2134 2136 2197 factum
2189 2145 2308 2210 est,
2357 2146 2436 2199 ut

446 2243 487 2283 a
515 2219 634 2282 diis
655 2219 1131 2303 impetraretur,
1163 2221 1442 2283 maxime
1474 2219 1810 2304 Neptuno,
1860 2219 2033 2282 Jovis
2083 2219 2302 2296 fratre,
2351 2241 2435 2283 ne

447 2306 941 2388 tempestatibus
962 2315 1031 2368 et
1061 2305 1263 2368 ventis
1292 2317 1628 2389 pateretur
1656 2327 1860 2388 genus
1888 2305 2242 2368 humanum
2271 2305 2438 2369 affici

445 2391 727 2474 indignis
756 2390 1245 2454 calamitatibus.
1335 2389 1570 2474 Itaque
1600 2392 1783 2455 venia
1812 2391 1983 2467 data,
2013 2390 2438 2454 constitutum

450 2487 551 2540 est
580 2499 619 2540 a
641 2476 761 2538 diis
796 2487 889 2553 ut,
943 2473 1274 2540 Caniculae
1318 2476 1525 2540 stellae
1567 2488 1819 2551 exortu,
1868 2475 2044 2539 venti
2088 2476 2438 2559 perflarent

448 2561 584 2625 dies
614 2561 864 2624 circiter
893 2561 1334 2645 quadraginta,
1374 2563 1644 2646 ejusque
1689 2561 2075 2645 pestilentiae
2118 2561 2246 2625 vim
2293 2561 2437 2624 abs-

448 2647 803 2712 cinderent.
896 2647 1313 2732 Quapropter
1345 2647 1642 2710 Aristeus
1671 2670 1710 2710 a
1739 2647 1858 2710 diis
1905 2645 2076 2710 inter
2121 2656 2290 2709 astra
2339 2657 2439 2710 est

449 2732 815 2798 collocatus,
904 2731 1128 2797 Habet
1150 2743 1367 2796 autem
1396 2731 1728 2816 Aquarius
1753 2731 1987 2811 stellaS,
2009 2732 2079 2794 in
2099 2732 2305 2815 capite
2326 2732 2440 2795 ob-

447 2841 664 2882 scuras
685 2818 862 2895 duas,
893 2817 960 2880 in
980 2817 1247 2901 singulis
1269 2818 1553 2881 humeris
1581 2817 1860 2901 singulas
1889 2817 2153 2901 amplaS,
2172 2819 2240 2880 in
2259 2817 2442 2880 sinis-

450 2915 555 2967 tro
600 2903 819 2966 cubito
870 2925 1084 2979 unam,
1135 2903 1205 2966 in
1253 2904 1486 2967 dextro
1527 2903 1744 2966 cubito
1791 2925 2010 2982 unam,
2048 2903 2117 2965 in
2171 2901 2439 2984 singulis

452 2989 813 3052 mammillis
842 2989 1147 3071 singulaS,
1180 2989 1303 3052 sub
1330 2988 1693 3052 mammillis
1743 2988 2045 3071 singulas,
2093 2987 2162 3050 in
2207 2987 2441 3050 dextro

450 3073 673 3137 lumbo
731 3096 949 3152 unam,
1005 3074 1076 3137 in
1118 3073 1386 3156 singulis
1429 3073 1702 3156 genibus
1746 3073 2051 3156 singulaS‚
2096 3073 2165 3135 in
2208 3073 2443 3136 dextra

453 3160 615 3223 tibia
643 3182 861 3235 unam,
891 3159 961 3222 in
991 3158 1256 3242 singulis
1283 3159 1558 3243 pedibus
1608 3158 1911 3241 singulas.
2005 3157 2173 3220 Sunt
2219 3179 2441 3220 omnes

452 3242 736 3309 XVIII.
827 3244 1080 3308 Effusio
1120 3267 1269 3307 vero
1319 3266 1507 3328 aquae
1560 3243 1790 3307 dextra
1817 3243 2112 3326 laevaque
2141 3243 2217 3305 fit
2241 3242 2442 3306 stellis

454 3329 742 3397 XXXI.
836 3329 1133 3396 Quarum
1172 3330 1319 3393 duae
1368 3328 1721 3414 splendidae
1769 3339 1944 3406 sunt,
1995 3338 2246 3392 caeterae
2292 3350 2443 3392 vero

454 3416 765 3480 obscurae.

542 3499 973 3585 Capricornus
1031 3522 1183 3564 sane
1244 3499 1732 3564 similitudinem
1790 3500 1987 3564 habet
2047 3497 2440 3584 AEgipanos3

452 3586 650 3651 habet
678 3587 850 3650 enim
878 3586 1293 3669 posteriorem
1321 3596 1574 3670 partem
1606 3584 1830 3662 Piscis,
1877 3586 2154 3669 priorem
2214 3583 2444 3668 Capri-

456 3673 667 3748 corni;
714 3683 783 3735 et
810 3672 984 3735 hunc
1011 3671 1319 3735 honorem
1348 3671 1584 3735 dicitur
1606 3682 1953 3747 assecutuS,
1985 3695 2063 3734 eo
2096 3670 2270 3754 quod
2297 3691 2444 3733 cum

455 3757 612 3821 Jove
664 3757 748 3820 sit
795 3757 1095 3821 nutritus,
1185 3756 1602 3840 Epimenides
1652 3756 1806 3819 dicit
1849 3757 1916 3821 in
1969 3756 2090 3820 Ida
2133 3766 2443 3838 utrosque

454 3843 755 3918 nutritos„
778 3854 844 3905 et
855 3842 937 3906 ad
948 3843 1256 3906 Titanum
1278 3842 1519 3905 bellum
1542 3863 1690 3906 cum
1715 3841 1872 3905 Jove
1897 3863 2030 3905 esse
2053 3841 2442 3926 profectum3

456 3950 648 4012 quem
676 3927 938 4011 Jupiter
963 3929 1164 3992 victor
1191 3929 1376 3992 astris
1414 3927 1658 4003 intulit,
1705 3927 1880 4010 quod
1927 3929 2067 4012 ejus
2115 3948 2310 4010 opera
2357 3926 2448 3988 dii

458 4014 684 4078 armati
713 4023 960 4091 essent;
1004 4014 1290 4098 itemque
1322 4024 1587 4078 matrem
1629 4013 1768 4097 ejus
1798 4009 2097 4096 Capram,
2125 4011 2296 4096 quod
2330 4011 2448 4074 Di-
