2992 4842
1284 601 1586 648 Anu-EA.
2383 584 2424 646 3

432 742 694 807 Dextro
723 765 1005 828 namque
1027 763 1202 827 genu
1230 741 1429 806 nixus
1458 741 1836 826 diversaque
1865 741 2135 808 tendens

430 827 727 907 Brachia,
756 827 1135 914 suppliciter
1160 827 1361 912 passis
1390 827 1473 892 ad
1502 827 1769 892 numina
1797 827 2047 913 palmis,

435 913 520 980 Se
600 915 767 980 entis
794 915 989 1000 capiti
1015 913 1162 998 figit
1187 913 1459 997 vestigia
1482 913 1663 979 laeva.

576 1023 690 1064 um
716 999 869 1066 fessi
894 1000 1121 1066 subter
1148 1009 1355 1066 costas
1382 1009 1582 1084 atque
1609 997 1812 1064 ardua
1839 1007 2022 1083 terga
2361 1001 2425 1052 ⁷⁰

432 1084 624 1152 Clara
650 1085 1001 1151 Ariadnaeo
1030 1095 1277 1151 sacrata
1304 1094 1407 1150 est
1433 1086 1585 1168 igne
1615 1083 1906 1150 Corona:
2223 1094 2422 1126 ⁰⁰⁸⁰*ss-

433 1170 635 1236 Hunc
662 1170 757 1236 illi
788 1171 1080 1236 Bacchus
1107 1170 1373 1236 thalami
1400 1192 1648 1236 memor
1673 1170 1852 1234 addit
1882 1169 2208 1238 honorem.

432 1256 646 1341 Terga
671 1258 886 1322 nitent
914 1256 1153 1323 stellis:
1200 1265 1291 1334 at,
1336 1278 1469 1341 qua
1496 1277 1564 1321 se
1590 1256 1828 1320 vertice
1857 1255 2049 1334 tollit,
2140 1264 2409 1300 ⁰m⁰⁰¹¹⁰⁸

436 1342 771 1408 Succiduis
798 1343 1071 1428 genibus
1091 1343 1331 1408 lassum
1360 1352 1429 1407 et
1458 1341 1820 1406 miserabile
1849 1340 2048 1419 sidus,

437 1427 583 1493 Hac
616 1427 996 1514 Ophiuchus
1026 1429 1172 1493 erit.
1262 1427 1489 1511 Longe
1519 1438 1716 1512 caput
1743 1436 1896 1492 ante
1923 1429 2179 1493 notabis
2361 1428 2424 1478 75

435 1513 531 1578 Et
558 1526 769 1579 vastos
795 1514 1131 1593 humeros;
1175 1523 1317 1578 tum
1348 1524 1563 1578 cetera
1590 1513 1879 1578 membra
1909 1524 2296 1599 sequuntur.

442 1598 587 1664 Illis
614 1601 883 1701 languet
903 1600 1107 1666 honos
1129 1625 1149 1679 ς
1192 1598 1479 1664 humeris
1508 1609 1728 1665 manet
1755 1599 2009 1684 integer
2035 1601 2245 1678 ardor,

436 1684 633 1753 Luna
658 1697 856 1751 etiam
879 1685 1075 1770 pleno
1101 1705 1387 1750 mensem
1419 1707 1622 1770 quum
1651 1685 1878 1750 dividit
1904 1685 2081 1751 orbe.
2239 1693 2426 1726 *Μω-

364 1800 373 1806 ·
438 1770 599 1836 Lux
625 1772 839 1836 tenuis
866 1772 1185 1849 manibuS,
1215 1793 1331 1856 per
1360 1793 1521 1856 quas
1549 1771 1826 1835 elabitur
1855 1769 2134 1854 Anguis,

434 1855 705 1922 Pressus
731 1867 1008 1944 utraque
1036 1879 1260 1935 manu,
1288 1857 1576 1923 medium
1605 1856 1868 1941 cingens
1900 1855 2333 1941 Ophiuchum.
2361 1860 2424 1906 8⁰

440 1940 740 2028 Scorpios
766 1943 896 2008 ima
893 1943 1164 2093 dpedum
1192 1943 1423 2026 tangit,
1454 1942 1568 2007 sed
1597 1942 1818 2028 planta
1845 1943 2102 2008 sinistra
2195 1951 2428 1984 scomrs.

441 2027 527 2092 In
556 2038 737 2114 tergo
765 2030 891 2093 resi
938 2039 1027 2108 et,
1056 2027 1326 2112 vestigia
1353 2029 1627 2093 dextera
1695 2028 1956 2092 endent.

436 2112 663 2199 Impar
691 2124 789 2179 est
816 2115 1113 2181 manibus
1139 2114 1420 2200 pondus3
1466 2136 1616 2178 nam
1642 2049 1912 2178 dextera
1939 2135 2198 2199 parvam

442 2198 706 2264 Partem
734 2201 964 2285 anguis
990 2201 1253 2278 retinet,
1282 2221 1401 2301 per
1424 2199 1653 2264 laevam
1681 2199 2000 2264 attollitur
2015 2200 2244 2278 omnis,

440 2283 914 2371 Quantumque
942 2286 1027 2352 ab
1052 2286 1216 2352 laeva
1242 2285 1550 2352 distantia
1580 2285 1768 2350 Serta
1794 2295 2127 2365 notantur,
2369 2287 2431 2334 ⁸5

444 2370 740 2456 Erigitur
762 2381 1017 2436 tantum
1050 2371 1331 2456 Serpens
1362 2382 1561 2457 atque
1593 2371 1820 2436 ultima
1838 2381 2060 2436 mento

445 2456 649 2522 Stella
676 2458 797 2523 sub
826 2458 1091 2523 aetheria
1118 2457 1327 2540 fulget
1354 2457 1589 2522 crinita
1613 2457 1900 2522 Corona:

443 2541 543 2607 At
572 2565 702 2628 qua
728 2565 797 2608 se
827 2543 1013 2608 dorso
1040 2543 1327 2608 sinuabit
1354 2543 1640 2608 lubricus
1670 2543 1947 2627 Anguis,

444 2627 698 2713 Insigni
725 2629 955 2694 caelum
982 2628 1375 2714 perfundent
1401 2629 1646 2694 lumine
1677 2626 1922 2694 Chelae.

532 2712 751 2799 Ipsam
782 2714 1056 2780 Helicen
1078 2716 1373 2800 sequitur
1402 2715 1615 2780 senior
1641 2715 1999 2800 baculoque
2027 2714 2333 2792 minatur,
2369 2716 2432 2763 90

446 2798 596 2864 Sive
624 2801 733 2864 ille
762 2800 1215 2885 Arctophylax
1244 2823 1360 2866 seu
1390 2799 1630 2865 Bacchi
1658 2801 1742 2866 ob
1770 2822 2041 2865 munera
2068 2822 2270 2865 caesus

444 2884 670 2950 Icarus
699 2895 983 2971 ereptam
1012 2886 1311 2971 pensavit
1336 2886 1544 2951 sidere
1571 2885 1790 2954 vitam.
2067 2887 2431 2935 [⁴⁸⁰²'0¹’⁸1¹⁶⁸¹‘·

446 2969 602 3036 Non
628 2971 725 3036 illi
752 2972 1093 3036 obscurum
1124 2982 1319 3057 caput
1348 2983 1468 3049 est,
1496 2994 1631 3036 non
1658 2972 1868 3037 tristia
1894 2970 2214 3049 membra3

447 3056 578 3122 Sed
604 3057 863 3143 proprio
891 3067 1111 3122 tamen
1137 3081 1271 3122 una
1287 3058 1482 3124 micat
1510 3057 1632 3122 sub
1659 3058 1919 3122 nomine
1947 3057 2226 3134 flamma,

444 3140 805 3207 Arcturum
832 3142 1078 3221 dixere,
1108 3143 1285 3208 sinus
1314 3166 1445 3229 qua
1470 3143 1725 3208 vincula
1750 3143 2014 3208 nodant.
2371 3143 2433 3190 95

529 3226 821 3313 Virginis
847 3229 998 3294 inde
1027 3229 1251 3294 subest
1276 3228 1494 3308 facies,
1525 3229 1630 3294 cui
1657 3229 1850 3314 plena
1875 3228 2132 3294 sinistra
2277 3235 2433 3266 '¹²⁰2

447 3311 685 3398 Fulget
713 3313 887 3400 spica
911 3337 1109 3380 manu
1136 3315 1535 3400 maturisque
1564 3315 1747 3380 ardet
1773 3314 2004 3382 aristis.

447 3397 665 3466 Quam
691 3409 783 3479 te,
815 3401 979 3478 diva,
1009 3402 1271 3466 vocem?
1318 3401 1629 3485 Tangunt
1656 3400 1951 3466 mortalia
1969 3401 2026 3466 si
2053 3411 2120 3465 te

447 3484 748 3550 Carmina
776 3508 895 3550 nec
924 3486 1181 3551 surdam
1210 3487 1461 3572 praebes
1490 3487 1944 3552 venerantibus
1974 3508 2215 3564 aurem,

444 3570 671 3636 Exosa
696 3571 861 3637 heu!
909 3571 1178 3636 mortale
1200 3594 1423 3656 genus,
1456 3572 1668 3637 medio
1698 3572 1857 3642 mihi
1887 3593 2079 3637 cursu
2341 3573 2434 3620 1⁰0

448 3654 733 3722 Stabunt
760 3657 1229 3742 quadrupedes,
1262 3668 1329 3722 et
1356 3658 1547 3724 flexis
1575 3659 1767 3723 laetus
1795 3657 2064 3722 habenis

444 3742 673 3829 Teque
701 3752 1017 3829 tuumque
1038 3765 1263 3808 canam
1291 3743 1477 3808 terris
1502 3743 1861 3809 venerabile
1885 3764 2152 3808 numen.

530 3829 755 3893 Aurea
780 3828 990 3914 pacati
1015 3851 1269 3916 regeres
1293 3851 1496 3914 quum
1525 3829 1739 3894 secula
1764 3830 2011 3907 mundi,

443 3911 489 3979 J
496 3913 717 3979 ustitia
745 3912 1049 3980 inviolata
1076 3915 1284 3993 malis,
1312 3915 1738 4000 placidissima
1760 3915 1962 4000 virgo,

446 3998 596 4064 Sive
624 3999 735 4064 illa
764 4000 1008 4066 Astraei
1035 4023 1241 4085 genus
1270 4025 1359 4078 es,
1393 4023 1587 4087 quem
1616 4000 1788 4068 fama
1814 4009 2148 4085 parentem
2344 4001 2434 4047 1⁰5

446 4084 740 4154 Tradidit
768 4097 1107 4164 astrorum,
1142 4110 1255 4152 seu
1285 4110 1431 4152 vera
1461 4085 1786 4152 intercidit
1817 4109 1951 4151 aevo
