2992 4842
1320 607 1632 651 soflomA.
2391 588 2474 651 57

476 757 708 832 quarto
738 770 907 813 anno
939 769 1142 812 unum
1172 746 1342 812 diem
1372 746 1675 832 complet,
1709 769 1904 832 quem
1923 746 2284 811 bissextum
2307 767 2474 809 nun-

472 845 737 918 cupant,
772 835 886 919 qui
918 834 1051 898 dies
1082 833 1415 898 conficitur
1445 857 1530 896 ex
1556 833 2043 917 quadrantibus
2135 832 2305 896 Nam
2325 855 2471 898 cum

472 919 809 985 duodecies
838 921 1025 984 semis
1058 942 1178 984 sex
1206 920 1393 983 horas
1433 920 1718 1002 integras
1762 919 2018 995 faciant,
2061 919 2128 981 id
2172 931 2270 982 est
2314 940 2469 1002 qua-

471 1005 783 1082 drantem,
815 1007 919 1070 hic
950 1006 1267 1090 quadrans
1300 1016 1528 1090 quater
1561 1005 1792 1068 ductus
1821 1004 2326 1088 vigintiquatuor
2356 1003 2468 1067 ho-

469 1113 571 1154 ras
568 1091 873 1189 spel-ficit,
904 1092 1075 1155 idem
1118 1113 1323 1155 unum
1372 1091 1542 1154 diem
1581 1113 1727 1154 cum
1769 1112 1886 1154 sua
1933 1100 2120 1154 nocte
2165 1090 2463 1174 complet,

468 1187 537 1240 et
563 1176 633 1240 in
664 1189 895 1261 quarto
922 1178 1306 1253 bissextum,
1350 1187 1426 1240 ut
1454 1175 1708 1261 praefati
1750 1198 1992 1253 sumu3,
2043 1175 2257 1240 efficit.
2351 1175 2464 1239 Sol

475 1262 727 1326 interea
756 1263 909 1328 dum
960 1264 1188 1347 igneus
1236 1262 1341 1340 sit,
1436 1285 1526 1326 rae
1569 1262 1766 1325 nimio
1813 1272 1994 1325 motu
2042 1261 2465 1325 conversionis

467 1369 604 1410 suae
634 1349 908 1433 amplius
928 1348 1271 1414 incalescit.
1323 1285 1489 1448 (Euj
1503 1371 1573 1411 us
1602 1349 1818 1431 ignem
1843 1348 2066 1411 dicunt
2095 1347 2457 1431 philosophi

465 1455 635 1517 aqua
663 1435 940 1534 nutriri&
967 1445 1034 1498 et
1064 1457 1098 1498 e
1127 1435 1443 1498 contrario
1485 1434 1803 1497 elemento
1849 1434 2154 1497 virtutem
2197 1432 2458 1496 luminis

466 1531 535 1582 et
562 1519 786 1583 caloris
814 1521 1117 1603 accipere,
1148 1521 1319 1583 unde
1350 1520 1635 1584 videmus
1666 1543 1814 1584 eum
1855 1520 2090 1604 saepius
2130 1518 2458 1583 madidum

466 1615 663 1688 atque
722 1617 1066 1670 rorantem.
1156 1604 1341 1670 Tunc
1394 1616 1612 1669 autem
1660 1605 1924 1689 eclipsin
2016 1605 2236 1682 atitur,
2283 1606 2462 1688 quod-

466 1687 705 1754 Latine
734 1691 1006 1756 defectio
1038 1691 1292 1769 dicitur,
1327 1691 1580 1776 quoties
1612 1690 1801 1755 Luna
1821 1689 1968 1755 XX
2055 1691 2174 1756 ‚ad
2190 1690 2456 1755 eandem

463 1775 718 1852 lineam,
763 1799 893 1860 qua
935 1776 1045 1841 Sol
1090 1776 1366 1854 vehitur,
1414 1777 1730 1862 pervenit,
1780 1777 1968 1862 eique
2023 1801 2091 1842 se
2149 1777 2454 1876 objiciens

468 1883 618 1925 eum
649 1863 969 1940 obscurat,
1005 1863 1171 1927 unde
1202 1864 1469 1927 deficere
1503 1863 1686 1926 nobis
1718 1863 1984 1941 videtur,
2016 1885 2163 1926 cum
2193 1863 2252 1925 ei
2283 1863 2455 1927 orbis

465 1945 675 2010 Lunae
733 1949 1101 2033 opponitur.
1206 1949 1405 2033 Signa
1462 1949 1635 2012 enim
1687 1949 2086 2034 tempestatis
2139 1948 2242 2013 vel
2287 1970 2456 2012 sere-

461 2033 683 2098 nitatis
712 2033 832 2098 hoc
861 2035 1051 2098 modo
1080 2035 1381 2118 astrologi
1411 2034 1635 2098 mundi
1663 2035 2098 2118 cognoscenda
2115 2055 2250 2097 esse
2269 2033 2453 2098 dixe-

462 2130 639 2183 runt.
706 2115 1019 2204 Virgilius
1052 2142 1328 2205 namque
1360 2121 1472 2198 ait,
1492 2121 1546 2183 si
1570 2120 1724 2184 Sol
1703 2143 1776 2183 111
1792 2130 1940 2184 ortu
1959 2143 2074 2184 suo
2095 2119 2452 2184 maculosus

462 2204 567 2282 sit,
616 2217 813 2289 atque
864 2207 985 2270 sub
1033 2207 1207 2270 nube
1246 2207 1487 2284 latens;
1535 2221 1650 2269 aut
1699 2207 1753 2270 si
1802 2205 2066 2270 dimidia
2120 2228 2266 2289 pars
2312 2207 2451 2291 ejus

462 2292 857 2374 apparuerit,
885 2291 1121 2356 imbres
1143 2291 1416 2356 futuros.
1509 2291 1680 2355 Item
1701 2291 1910 2356 Varro
1928 2291 2038 2368 ait,
2061 2289 2132 2356 Si
2157 2292 2453 2356 exoriens

462 2396 772 2440 concavus
799 2378 1071 2454 videtur,
1102 2378 1198 2441 ita
1226 2395 1303 2442 ut
1332 2401 1367 2440 e
1396 2377 1607 2442 medio
1635 2377 1900 2461 fulgeat,
1923 2386 1989 2440 et
2005 2377 2213 2441 radios
2233 2377 2447 2456 faciat,

460 2463 694 2610 partim
726 2464 805 2528 ad
836 2463 1221 2548 aquilonem,
1252 2464 1482 2548 partim
1517 2463 1599 2526 ad
1645 2473 1952 2563 austrum,
2003 2473 2454 2563 tempestatem

509 2548 791 2612 umidam
822 2560 889 2614 et
918 2561 1243 2618 ventosam
1271 2550 1556 2636 futuram
1587 2549 1842 2626 innuit,
1889 2549 2067 2626 item,
2100 2549 2153 2612 si
2188 2549 2320 2628 Sol,
2353 2549 2452 2612 in-

463 2633 627 2716 quit,
679 2635 912 2698 rubeat
956 2635 1024 2699 in
1073 2654 1319 2712 occasu,
1368 2633 1653 2698 sincerus
1697 2635 1833 2698 dies
1875 2635 2036 2711 erit3
2085 2634 2138 2698 si
2183 2598 2445 2719 palleat,

460 2729 910 2803 tempestatem
957 2720 1290 2804 significat.
1425 2718 1730 2806 Nigidius
1779 2743 2036 2805 quoque
2069 2720 2178 2796 ait,
2216 2721 2286 2784 Si
2316 2719 2447 2804 pal·-

458 2802 628 2868 lidus
676 2805 788 2868 Sol
832 2806 900 2868 in
946 2807 1161 2889 nigras
1208 2808 1413 2871 nubes
1461 2802 1728 2883 occidat,
1777 2807 2142 2891 aquilonem
2183 2817 2449 2871 ventum

458 2890 796 2973 significat.
888 2891 1087 2956 Hunc
1146 2893 1340 2956 etiam
1402 2891 1620 2956 Graeci
1679 2891 2048 2976 Apollinem
2095 2893 2450 2976 appellave-

458 2987 635 3052 runt,
668 2999 706 3040 a
753 2999 883 3061 quo
924 3000 992 3041 se
1038 2977 1334 3062 spiritum
1379 2978 1663 3062 accipere
1711 2977 2128 3053 arbitrantur,
2178 2982 2448 3038 ἀπόλλων

459 3062 634 3124 enim
666 3061 920 3144 Graece,
948 3062 1180 3126 Latine
1202 3065 1487 3147 perdens
1517 3063 1770 3139 dicitur,
1821 3063 1992 3147 quod
2037 3063 2280 3126 fervore
2328 3083 2445 3124 suo

458 3168 717 3210 omnem
745 3171 1003 3213 succum
1033 3148 1378 3214 virentium
1408 3111 1820 3233 decoquendo
1841 3149 2068 3233 perdat
2083 3148 2444 3247 herbarum.

461 3231 661 3296 Hunc
688 3233 883 3297 etiam
912 3235 1317 3299 divinationis
1347 3235 1538 3298 deum
1558 3258 1694 3298 esse
1719 3234 2080 3312 voluerunt,
2114 3233 2242 3297 sive
2274 3233 2448 3317 quod

459 3315 573 3382 Sol
602 3319 815 3383 omnia
844 3320 1111 3384 obscura
1135 3320 1548 3385 manifestat
1529 3343 1600 3384 m
1626 3320 1792 3396 luce,
1832 3321 1962 3384 sive
2009 3320 2231 3404 quod
2211 3342 2282 3382 m
2325 3340 2442 3382 suo
2503 3371 2508 3380 .

455 3425 778 3486 processu,
827 3416 895 3469 et
942 3428 1165 3469 occasu
1212 3407 1352 3490 ejus
1398 3406 1608 3470 orbita
1663 3368 2072 3470 multimodos
2131 3405 2445 3489 significa-

457 3489 708 3553 tionum
737 3501 1051 3555 monstret
1080 3491 1363 3556 effectus·
1457 3491 1570 3555 Sol
1608 3492 1861 3570 dicitur,
1905 3502 2020 3556 aut
2049 3514 2136 3556 ex
2167 3515 2242 3554 eo
2274 3491 2448 3574 quod

457 3575 631 3638 solus
674 3576 779 3653 sit,
822 3587 936 3640 aut
944 3577 1148 3676 ‘quod
1194 3574 1381 3640 solito
1426 3599 1545 3662 per
1590 3578 1724 3641 dies
1771 3588 1993 3661 surgat
2052 3587 2120 3641 et
2178 3576 2440 3640 occidat.

460 3659 659 3724 Hunc
684 3663 879 3726 etiam
908 3663 1046 3726 sine
1076 3661 1279 3726 barba
1305 3663 1610 3747 pingunt,
1655 3663 1808 3748 quia
1835 3662 2176 3728 occidendo
2208 3672 2274 3724 et
2303 3683 2447 3724 nas-

457 3747 659 3810 cendo
688 3769 940 3832 semper
961 3759 1059 3812 est
1079 3748 1323 3834 junior,
1355 3749 1483 3812 sive
1517 3749 1683 3834 quod
1716 3771 2049 3848 nunquam
2075 3749 2146 3811 in
2175 3769 2291 3810 sua
2321 3747 2444 3808 vir-

457 3842 599 3895 tute
632 3833 904 3911 deficiat,
937 3845 1014 3898 ut
1046 3834 1255 3912 Luna,
1289 3857 1436 3919 quae
1461 3836 1686 3900 crescit
1715 3846 1830 3899 aut
1846 3833 2179 3898 minuitur.
2269 3831 2446 3894 Huic

458 3939 717 4002 quoque
747 3918 921 3983 illam
950 3921 1033 3984 ob
1058 3942 1332 3997 causam,
1383 3922 1558 4005 quod
1603 3932 1716 3985 aut
1764 3917 2241 4004 quadripartitis
2285 3926 2447 3980 tem-

456 4024 687 4104 porum
714 4005 1131 4070 varietatibus
1160 4007 1312 4070 anni
1342 4007 1650 4071 circulum
1677 4016 1959 4091 peragat,
1999 4005 2070 4067 id
2108 4013 2207 4068 est
2243 4003 2444 4080 verni,

459 4090 723 4168 aestatiS,
780 4093 1099 4170 autumni,
1163 4103 1228 4157 et
1277 4093 1540 4158 hiemis:
1588 4103 1701 4157 aut
1763 4091 1936 4178 quod
1983 4088 2449 4212 quadripartito
