2992 4842
1050 588 1120 623 An
1148 588 1504 625 vuasonem
1530 591 1765 629 Aunes.
2260 587 2408 635 xxxix

471 711 584 762 330.
622 729 788 775 sparsa
809 751 822 763 .
839 718 1066 779 ‚flamma
1089 717 1133 765 b.
1169 733 1274 765 cam
1296 724 1391 766 toto
1418 718 1565 781 BGg.
1597 720 1721 781 (scil.
1740 736 1790 783 g.
1814 736 1959 785 quam
1983 722 2303 786 toto.)—OR.
2395 731 2397 733 ’

471 782 584 829 331.
618 780 702 828 Sic
739 780 950 829 baltheus
981 780 1105 844 exit]
1141 783 1362 831 Avienus
1395 784 1727 849 Auratumque
1758 786 1930 835 rubens
1962 790 2161 837 dimittit
2192 790 2407 840 baltheus

404 860 572 902 ensem,
597 844 720 893 Exit
742 847 879 903 dixit,
902 854 957 893 ut
978 862 1125 909 supra
1146 862 1188 895 v.
1217 850 1328 905 284,
1355 849 1432 896 Ad
1451 855 1597 911 caput
1614 852 1732 909 e'us,
1750 854 1934 901 Dextra
1948 869 2117 903 mamm
2130 856 2294 903 latices
2308 873 2405 919 qua

387 910 563 969 fimdit
585 910 840 973 Aquarius,
863 915 976 960 exit.
1044 912 1362 961 GR.—SCH.
1504 868 1656 977 Taleff
1684 915 1933 979 BEGgsb.
1975 918 2096 967 Tela
2120 920 2217 969 ΑΡ.
2252 921 2405 970 Stella

405 974 460 1021 F.
510 976 669 1037 capud
704 978 770 1025 A.
824 975 996 1038 (Ibid.)
1046 981 1321 1041 maynisque
1365 978 1595 1041 humeris]
1642 980 1753 1041 A(F
1771 981 1855 1041 ?)s.
1904 986 2157 1046 maynique
2196 986 2405 1035 humeris

405 1038 597 1101 EGPg.
629 1044 883 1104 maqnique
920 1042 1106 1089 hunveri
1146 1045 1200 1089 B.
1251 1051 1306 1090 ut
1339 1044 1530 1092 volebat
1563 1059 1611 1106 g.
1653 1045 1701 1093 b.
1752 1046 1845 1093 Sed
1882 1047 1991 1095 vide
2036 1049 2400 1100 Schwartzium.

405 1103 584 1165 (Ibid.)
605 1104 724 1167 exit]
753 1105 995 1168 BFGgsb.
1029 1106 1164 1153 ardet
1183 1108 1509 1158 AER—os.

469 1170 585 1217 332.
627 1168 768 1218 Talis
807 1176 854 1217 et
894 1170 1069 1233 castos]
1118 1172 1184 1218 Hi
1223 1182 1320 1221 tres
1356 1189 1524 1222 versus
1565 1174 1743 1223 iterum
1781 1176 1835 1224 in
1876 1176 2087 1239 vulgatis
2124 1178 2397 1229 defuerunt.

403 1232 601 1281 Primus
633 1234 706 1281 ita
738 1236 1093 1283 restituendus:
1137 1236 1276 1285 Talis
1295 1242 1338 1286 ei
1359 1247 1406 1288 et
1425 1244 1591 1287 custos.
1663 1240 1766 1288 GR.
1832 1242 1884 1288 Si
1927 1241 2060 1290 Talis
2094 1243 2284 1292 dativus
2318 1246 2397 1306 sit,

402 1298 570 1345 omnia
591 1315 722 1348 sana.
787 1301 926 1347 Arati
949 1301 1147 1363 quidem
1169 1303 1314 1351 verba
1334 1319 1377 1353 v.
1405 1305 1517 1359 326,
1544 1305 1637 1351 327
1662 1311 1874 1353 nostram
1899 1308 2225 1368 conjecturam
2249 1311 2395 1358 stabi-

398 1361 530 1410 liunt
562 1364 742 1425 pariter
773 1371 822 1411 et
853 1365 1703 1431 infringunt.—SCH.—--Pernici]
1740 1370 2025 1433 ABFPgsb.
2052 1376 2259 1433 pernicis
2280 1375 2395 1423 EG.

403 1427 524 1491 (Ib.)
548 1428 694 1491 lade't]
720 1429 879 1477 ΒΕΘ.
900 1431 952 1477 id
975 1438 1064 1487 est,
1087 1432 1248 1481 micat.
1270 1431 1391 1481 lucet
1412 1433 1476 1481 A.
1499 1439 1555 1480 ut
1575 1434 1765 1481 volebat
1786 1450 1836 1496 g.
1844 1436 2005 1499 falyet
2028 1437 2394 1498 FPgsb.—0R„

466 1494 582 1540 333.
618 1494 866 1543 Omittunt
897 1494 986 1543 hos
1020 1504 1118 1543 tres
1153 1512 1232 1543 vv.
1270 1500 1490 1545 333-335
1527 1496 1676 1545 AFP.
1754 1499 1953 1548 Habent
1996 1501 2156 1549 BEG.
2216 1503 2389 1567 (Ibid.)

405 1556 546 1606 Talis
582 1562 626 1607 ei
659 1558 839 1617 custos]
873 1560 930 1607 B.
987 1562 1120 1608 Talis
1156 1568 1202 1609 et
1231 1577 1274 1609 c.
1309 1562 1481 1625 EGgs.
1544 1562 1684 1611 Talis
1706 1566 1817 1611 ciet
1836 1581 1875 1612 c.
1913 1565 1971 1613 de
1992 1581 2038 1628 g.
2074 1570 2315 1616 sententia
2348 1570 2395 1617 b.

409 1624 544 1671 Talis
566 1628 611 1671 ei
633 1630 783 1671 custos
805 1626 949 1673 haeret
975 1625 1117 1674 Voss.
1142 1626 1203 1673 ad
1224 1627 1363 1675 Arat.
1385 1643 1431 1690 p.
1453 1627 1714 1675 66.-0R.

463 1690 580 1735 334.
618 1687 710 1737 Ore
745 1694 892 1738 vomit
915 1690 1194 1753 flammam]
1235 1692 1401 1739 Nonn.
1439 1692 1646 1755 Dionys.
1680 1693 1763 1741 lib.
1791 1693 1831 1741 I.
1868 1708 1917 1756 p.
1943 1696 2019 1743 22.
2090 1696 2193 1743 Καὶ
2235 1695 2393 1756 σέλας

397 1748 664 1801 ἀιθύσσων
689 1752 1038 1818 περιθαλπὲος
1061 1752 1380 1820 ἀνθερεῶνος
1404 1754 1587 1817 Δίψιος
1606 1758 1875 1821 cis-spoewe
1898 1756 2035 1807 κύων
2058 1758 2393 1826 ἑπεπάφλασε

395 1814 570 1897 λᾳιμῷ
605 1817 834 1899 1Ῑέξιπων
855 1818 1050 1901 θερμᾷν
1073 1818 1300 1901 ὕλᾳγμα,
1335 1822 1418 1869 καὶ
1442 1822 1638 1881 ἠθάδος
1662 1822 1784 1871 ἀντὶ
1805 1823 2011 1887 λαγωοῦ
2047 1826 2206 1891 Θηρσὶ
2240 1836 2389 1892 τυφο-

394 1896 578 1997 ’ἝΞᾏἿ
597 1883 1613 2013 ssssssviiZJQ'ZZZssissssffffiossc¹322...
1661 1888 2389 2016 5225022ffl-..3R220m

394 2012 577 2062 dicunt.
645 2015 726 2063 Ex
746 2016 1101 2063 abbreviatione
1123 2032 1269 2065 error.
1337 2018 1389 2065 Si
1403 2021 1570 2079 patrio
1591 2020 1750 2077 malis,
1786 2034 1885 2065 non
1917 2022 2157 2081 pugnabo.
2226 2023 2389 2071 Locus

395 2087 470 2126 est
488 2079 768 2127 mehercule
788 2080 1036 2141 eleganter
1053 2082 1325 2131 restitutus.
1393 2084 1498 2132 GR.
1566 2082 1753 2145 Sirion]
1780 2084 1985 2131 Tzetzes
2007 2085 2068 2132 ad
2102 2086 2385 2150 Lycophro-

391 2144 470 2191 nis
490 2144 628 2191 Alex.
653 2160 700 2192 ν.
725 2144 838 2195 397.
908 2144 1102 2208 Σείριος
1124 2143 1174 2193 δὲ
1196 2145 1380 2210 κυρίως
1402 2145 1543 2213 ἀςὴρ
1568 2147 1681 2197 iem
1706 2146 1777 2205 εἷς
1796 2146 1902 2197 ὑπὸ
1925 2149 1984 2196 τὸ
2010 2147 2206 2213 γένειον
2230 2150 2388 2216 κείμε-

392 2223 484 2265 νος
523 2208 614 2256 τοῦ
649 2208 880 2273 Ἀςρώου
913 2210 1080 2269 κυνὸς,
1105 2208 1168 2258 ὅν
1191 2210 1239 2259 ὁι
1262 2210 1454 2260 ἰδιῶται
1478 2214 1570 2261 τοῦ
1594 2211 1719 2261 ὅλου
1742 2215 1897 2272 κυνὸς
1918 2213 2082 2278 ὄνομα
2120 2213 2389 2280 κύνας-ρον

393 2273 852 2339 προσαγορέυουσι.
942 2279 1136 2324 Servius
1170 2278 1231 2325 ad
1267 2278 1444 2339 Georg.
1467 2278 1553 2327 lib.
1579 2278 1665 2327 lV.
1692 2294 1735 2327 v.
1760 2283 1873 2338 425,
1917 2279 2073 2327 Sirius
2094 2282 2229 2328 stella
2254 2287 2321 2328 est
2338 2284 2391 2329 in

391 2354 471 2385 are
494 2344 641 2396 canis,
669 2356 760 2403 per
787 2356 929 2404 qaam
993 2345 1120 2389 'mios
1143 2348 1280 2391 aestas
1299 2343 2111 2405 accipimas.—SCH.—-Sirium
2134 2346 2181 2394 b.
2214 2346 2386 2407 (Ibid.)

395 2403 544 2467 Grai]
583 2405 694 2453 BE.
735 2404 879 2454 Graii
901 2422 956 2468 gs
993 2442 1007 2455 .
1060 2408 1232 2471 (Ibid.)
1268 2412 1468 2470 proprio
1500 2407 1609 2471 suh]
1652 2409 1761 2457 BE.
1799 2409 2047 2457 firmantes
2064 2424 2113 2472 g.
2146 2411 2277 2473 conj.
2311 2412 2384 2461 sb.

382 2472 499 2531 prio
515 2486 605 2518 suu
628 2470 741 2531 (sic)
765 2472 862 2531 Gg.
877 2472 1042 2519 -ΟΒ,

456 2536 570 2583 336.
603 2536 890 2584 Accenditur
907 2536 1066 2599 aestas]
1092 2536 1282 2585 Similia
1305 2536 1543 2585 Manilius
1566 2537 1628 2585 V.
1652 2539 1763 2597 205,
1786 2544 1835 2587 et
1856 2538 1917 2585 V.
1949 2536 2023 2589 17.
2090 2538 2281 2587 Plinius
2306 2539 2384 2589 II.

391 2614 432 2645 c.
454 2602 538 2647 40.
605 2601 813 2649 Lucian.
849 2602 907 2648 de
945 2602 1181 2665 Gymnas.
1218 2610 1337 2650 tom.
1379 2602 1455 2649 II.
1489 2618 1538 2665 p.
1570 2602 1683 2653 278.
1751 2604 1957 2651 Flaccus
1981 2604 2023 2651 I.
2046 2604 2157 2661 683,
2183 2604 2243 2653 V.
2267 2606 2381 2653 369.

391 2663 582 2711 Plinius
601 2665 805 2713 XVIII.
831 2668 908 2723 28,
945 2674 995 2714 et
1030 2667 1102 2715 II.
1140 2666 1443 2717 47.—SCH.
1576 2667 1771 2731 AEstas]
1798 2667 2075 2729 A(F)Pgsb.
2108 2674 2247 2716 oestus
2270 2670 2381 2717 ΒΕ.

389 2728 468 2777 De
493 2731 556 2777 G.
577 2746 675 2778 non
691 2730 808 2778 satis
819 2738 1022 2779 constat.
1039 2732 1133 2779 Sed
1148 2732 1232 2779 cfr.
1252 2747 1297 2779 v.
1316 2733 1423 2778 150.
1442 2732 1649 2779 Accensa
1666 2765 1679 2779 .
1691 2767 1703 2780 .
1714 2732 2035 2796 qeminabitur
2050 2734 2379 2783 ‹estas—OE.

455 2797 568 2842 338.
601 2796 666 2843 At
702 2795 870 2858 quibus
902 2795 1116 2858 arctatos]
1145 2797 1251 2844 MS.
1295 2796 1360 2843 At
1395 2796 1563 2859 quibas
1596 2804 1803 2845 assuetas
1821 2796 2028 2856 frondes
2047 2805 2134 2845 aut
2154 2798 2381 2860 lanquida

387 2862 562 2918 cervix,
588 2860 866 2909 Exanimat.
936 2862 1045 2923 Ego
1081 2862 1170 2909 hos
1207 2876 1372 2908 versus
1407 2862 1476 2908 ita
1510 2869 1629 2923 puto
1651 2863 1881 2925 legendos
1906 2869 1955 2909 et
1977 2863 2375 2925 distinguendos:

387 2923 725 2989 Discernitqae
745 2932 854 2973 ortu
873 2926 1007 2989 lonqe
1027 2932 1160 2973 sata:
1191 2926 1354 2973 vivida
1357 2926 1565 2987 firmat:
1596 2926 1662 2974 At
1682 2927 1853 2990 quibus
1871 2927 2046 2975 adsutae
2064 2928 2269 2990 frondes
2294 2935 2381 2976 aut

387 2988 614 3053 lanquida
632 2993 805 3050 cmix,
827 2990 1108 3040 Exanimat.
1176 2991 1467 3053 Metaphora
1499 3006 1599 3038 non
1634 2992 1899 3054 ineleganti
1936 2993 2083 3041 videri
2110 2999 2271 3055 potest
2302 3008 2380 3041 ar-

387 3052 549 3102 borum
570 3058 770 3103 cervices
793 3056 986 3113 dixisse,
1023 3062 1074 3103 et
1091 3056 1293 3117 frondes
1321 3062 1525 3115 assutas,
1566 3072 1677 3117 quae
1700 3072 1797 3104 non
1819 3056 1936 3104 satis
1952 3058 2091 3105 firme
2114 3057 2377 3105 adhaerent.

388 3118 492 3165 Gn.
560 3120 696 3169 Quid
731 3127 861 3168 vetat
895 3124 1114 3168 astrictas
1151 3120 1250 3182 legi
1286 3135 1372 3183 pro
1403 3126 1588 3167 assatas
1607 3122 1683 3169 vel
1706 3122 1853 3169 etiam
1876 3128 2105 3171 exsuctas.
2145 3118 2376 3172 ἆναλὸέα

384 3182 703 3245 φυλλιόωσαι
743 3184 896 3233 Arato
933 3186 1074 3233 dictae
1111 3192 1240 3233 sunt.
1307 3184 1557 3247 Lanquida
1596 3186 1761 3249 radix]
1812 3186 1937 3234 Haec
1972 3188 2151 3235 rectius
2193 3186 2376 3234 intelli-

383 3257 562 3310 gentur
596 3266 657 3298 ex
689 3250 839 3298 Plinii
871 3250 1043 3298 XVII.
1066 3253 1162 3298 24:
1201 3250 1464 3311 Proprium
1504 3250 1801 3303 siderationis
1837 3258 1917 3307 est,
1958 3250 2042 3298 sub
2076 3260 2185 3301 ortu
2234 3250 2377 3299 Canis

381 3316 647 3363 siccitatum
699 3330 866 3378 vapor,
918 3329 1025 3364 cum
1065 3318 1212 3363 insita
1252 3331 1309 3361 ac
1347 3315 1540 3363 novelle
1588 3314 1777 3363 arbores
1810 3317 2093 3376 moriuntur,
2144 3318 2378 3376 praecipae

367 3380 504 3439 ficus
545 3387 591 3427 et
635 3380 1164 3429 vices.--SCH.--A
1210 3379 1376 3443 quibus
1441 3380 1553 3429 ΒΕ.
1652 3378 1825 3441 (Ibid.)
1897 3380 2253 3443 Requirebatur
2294 3380 2375 3428 hio

382 3458 504 3504 voc„
566 3446 696 3506 quod
748 3446 1056 3508 responderet
1107 3446 1250 3493 Arati
1304 3459 1351 3492 v.
1393 3446 1504 3493 332.
1560 3441 1788 3495 ἀναλδέα
1855 3444 2185 3508 φυλλιόωσαι,
2251 3445 2375 3493 Avi-

383 3508 463 3555 eni
487 3524 531 3558 v.
557 3508 666 3559 736.
699 3511 863 3572 indiqu
885 3514 1028 3559 succi.
1075 3510 1300 3557 Exsuccae
1332 3516 1498 3557 autem
1522 3509 1667 3557 nimis
1688 3510 1849 3558 abibat
1884 3529 1913 3560 a
1944 3512 2184 3575 scriptura
2222 3510 2373 3559 Codd.

383 3572 518 3621 Hinc
540 3573 650 3622 dedi
671 3575 797 3637 conj.
818 3590 958 3622 mea:
991 3575 1184 3641 affectes,
1217 3574 1422 3622 infirmae
1443 3574 1625 3622 viribus
1651 3580 1699 3622 et
1720 3590 1863 3623 succo
1888 3584 2119 3633 carentes,
2155 3576 2373 3637 proxime

381 3637 443 3685 ad
462 3639 588 3685 Cod.
610 3639 702 3686 A.=
737 3640 914 3688 adstete
950 3642 1039 3702 (sic
1058 3642 1092 3700 :)
1113 3640 1268 3687 literae
1293 3639 1395 3686 scil.
1427 3644 1474 3686 st
1506 3639 1575 3686 ita
1608 3639 1774 3701 ligatae
1808 3649 1937 3699 sunt,
1975 3640 2285 3689 itt-facillime
2310 3654 2373 3686 ex

379 3702 453 3750 lit.
473 3706 522 3765 f
529 3704 776 3765 potuerint
799 3705 924 3753 oriri.
958 3712 1150 3754 arctatae
1173 3702 1377 3768 (F)Pgs.
1412 3704 1631 3751 adsuetas
1653 3704 1711 3752 B.
1746 3712 1953 3753 assuetas
1975 3706 2089 3754 EG.
2124 3709 2289 3752 assutoe
2312 3702 2372 3751 de

379 3782 432 3829 g.
465 3784 596 3831 susp.
634 3769 739 3832 (vix
763 3770 880 3817 satis
905 3768 1105 3828 Latina)
1126 3771 1172 3817 b.
1205 3770 1438 3817 adstrictoe
1462 3768 1541 3817 vel
1563 3774 1737 3816 exsutoe
1757 3770 2033 3817 Schwartzii
2053 3768 2371 3830 suspiciones,

379 3834 501 3895 ipsae
539 3850 731 3897 quoque
763 3850 935 3898 parum
971 3834 1255 3898 probabiles.
1307 3832 1480 3893 (Ibid.)
1531 3849 1590 3881 ac
1622 3835 1655 3883 l.
1691 3849 1732 3880 s.
1800 3834 1981 3884 Nescio
2018 3834 2160 3881 unde.
2198 3831 2369 3893 (Ibid.)

380 3898 545 3961 radix]
571 3899 772 3961 AFPgs.
805 3904 960 3947 cernis
983 3900 1140 3947 ΒΕΘ.
1176 3900 1335 3947 cervi-z·
1355 3898 1414 3945 de
1437 3914 1484 3960 g.
1519 3914 1653 3961 susp.
1678 3899 1724 3945 b.
1778 3899 1873 3946 Sed
1906 3898 2037 3945 haud
2070 3896 2217 3945 nimis
2250 3912 2369 3944 cou-

378 3964 514 4011 venit
537 3979 581 4011 v.
604 3965 852 4027 proprium
859 3966 1058 4026 frondes
1082 3971 1131 4011 et
1151 3964 1382 4011 tralatum
1403 3966 1562 4011 cervia·
1583 3964 1651 4010 sic
1670 3963 2043 4024 juncta.—OR.

444 4029 555 4078 339.
588 4028 880 4093 Exanimat]
910 4030 1080 4093 Virgil.
1104 4028 1210 4077 111.
1232 4027 1428 4077 AEueid.
1449 4044 1492 4077 v.
1520 4030 1628 4087 141,
1662 4034 1761 4076 tum
1782 4027 1964 4076 steriles
1986 4042 2179 4075 exurere
2214 4024 2370 4075 Sirius
