<?xml version="1.0" encoding="UTF-8"?>
<!DOCTYPE html PUBLIC "-//W3C//DTD XHTML 1.0 Transitional//EN"
    "http://www.w3.org/TR/xhtml1/DTD/xhtml1-transitional.dtd">
<html xmlns="http://www.w3.org/1999/xhtml" xml:lang="en" lang="en">
 <head>
  <title>
</title>
<meta http-equiv="Content-Type" content="text/html;charset=utf-8" />
  <meta name='ocr-system' content='tesseract 3.04.00' />
  <meta name='ocr-capabilities' content='ocr_page ocr_carea ocr_par ocr_line ocrx_word'/>
</head>
<body>
  <div class='ocr_page' id='page_1' title='image "./germanicicaesar00aratgoog_0106.png"; bbox 0 0 2992 4842; ppageno 0'>
   <div class='ocr_carea' id='block_1_1' title="bbox 590 543 1676 598">
    <p class='ocr_par' dir='ltr' id='par_1_1' title="bbox 590 543 1676 598">
     <span class='ocr_line' id='line_1_1' title="bbox 590 543 1676 598; baseline 0.001 -2"><span class='ocrx_word' id='word_1_1' title='bbox 590 543 677 596; x_wconf 79' lang='lat' dir='ltr'><strong>viii</strong></span> <span class='ocrx_word' id='word_1_2' title='bbox 1519 563 1676 598; x_wconf 69' lang='lat' dir='ltr'><strong>now</strong></span> 
     </span>
    </p>
   </div>
   <div class='ocr_carea' id='block_1_2' title="bbox 596 687 2611 4180">
    <p class='ocr_par' dir='ltr' id='par_1_2' title="bbox 596 687 2594 802">
     <span class='ocr_line' id='line_1_2' title="bbox 598 687 2594 802; baseline 0.002 -66"><span class='ocrx_word' id='word_1_3' title='bbox 598 687 1173 802; x_wconf 66' lang='grc' dir='ltr'><strong>8ΟΗ.-·-Ιποοσίᾰὸἰι]</strong></span> <span class='ocrx_word' id='word_1_4' title='bbox 1196 689 1337 738; x_wconf 78' lang='lat' dir='ltr'><strong>ABE</strong></span> <span class='ocrx_word' id='word_1_5' title='bbox 1358 687 1522 753; x_wconf 86' lang='lat' dir='ltr'><strong>(prob.</strong></span> <span class='ocrx_word' id='word_1_6' title='bbox 1543 690 1616 752; x_wconf 84' lang='lat' dir='ltr'><strong>g.)</strong></span> <span class='ocrx_word' id='word_1_7' title='bbox 1637 691 1710 738; x_wconf 89' lang='lat' dir='ltr'><strong>sb.</strong></span> <span class='ocrx_word' id='word_1_8' title='bbox 1743 693 1795 739; x_wconf 70' lang='lat' dir='ltr'><strong>ia</strong></span> <span class='ocrx_word' id='word_1_9' title='bbox 1815 692 2023 738; x_wconf 69' lang='lat' dir='ltr'><strong>occiduis</strong></span> <span class='ocrx_word' id='word_1_10' title='bbox 2048 691 2178 754; x_wconf 84' lang='lat' dir='ltr'><strong>FPg.</strong></span> <span class='ocrx_word' id='word_1_11' title='bbox 2201 691 2372 754; x_wconf 88' lang='lat' dir='ltr'><strong>(Ibid.)</strong></span> <span class='ocrx_word' id='word_1_12' title='bbox 2402 698 2594 740; x_wconf 74' lang='lat' dir='ltr'><strong>servant</strong></span> 
     </span>
     <span class='ocr_line' id='line_1_3' title="bbox 596 755 1173 802; baseline 0 0"><span class='ocrx_word' id='word_1_13' title='bbox 596 770 655 802; x_wconf 73' lang='lat' dir='ltr'><strong>ex</strong></span> <span class='ocrx_word' id='word_1_14' title='bbox 676 757 693 802; x_wconf 80' lang='grc' dir='ltr'><strong>ι’</strong></span> <span class='ocrx_word' id='word_1_15' title='bbox 796 768 821 800; x_wconf 79' lang='lat' dir='ltr'><strong>s</strong></span> <span class='ocrx_word' id='word_1_16' title='bbox 870 755 997 802; x_wconf 84' lang='lat' dir='ltr'><strong>con&#39;.</strong></span> <span class='ocrx_word' id='word_1_17' title='bbox 1002 779 1061 790; x_wconf 89' lang='lat'><em>-</em></span> <span class='ocrx_word' id='word_1_18' title='bbox 1118 757 1173 802; x_wconf 83' lang='lat' dir='ltr'><strong>R..</strong></span> 
     </span>
    </p>

    <p class='ocr_par' dir='ltr' id='par_1_3' title="bbox 596 769 2594 1141">
     <span class='ocr_line' id='line_1_4' title="bbox 664 769 2594 882; baseline 0.001 -16"><span class='ocrx_word' id='word_1_19' title='bbox 664 769 775 867; x_wconf 51' lang='grc' dir='ltr'><strong>ὃς.</strong></span> <span class='ocrx_word' id='word_1_20' title='bbox 782 769 1039 866; x_wconf 69' lang='lat' dir='ltr'><strong>Versuthi</strong></span> <span class='ocrx_word' id='word_1_21' title='bbox 1060 819 1277 881; x_wconf 77' lang='lat' dir='ltr'><strong>quinque</strong></span> <span class='ocrx_word' id='word_1_22' title='bbox 1300 819 1361 867; x_wconf 89' lang='lat' dir='ltr'><strong>de</strong></span> <span class='ocrx_word' id='word_1_23' title='bbox 1394 819 1528 868; x_wconf 82' lang='lat' dir='ltr'><strong>Nixo</strong></span> <span class='ocrx_word' id='word_1_24' title='bbox 1559 818 1816 882; x_wconf 86' lang='lat' dir='ltr'><strong>loquentes</strong></span> <span class='ocrx_word' id='word_1_25' title='bbox 1837 820 1966 868; x_wconf 87' lang='lat' dir='ltr'><strong>male</strong></span> <span class='ocrx_word' id='word_1_26' title='bbox 1987 819 2359 868; x_wconf 79' lang='lat' dir='ltr'><strong>desiderantur</strong></span> <span class='ocrx_word' id='word_1_27' title='bbox 2343 837 2396 868; x_wconf 90' lang='grc' dir='ltr'><strong>ιιι</strong></span> <span class='ocrx_word' id='word_1_28' title='bbox 2421 825 2594 868; x_wconf 87' lang='lat' dir='ltr'><strong>Manu·</strong></span> 
     </span>
     <span class='ocr_line' id='line_1_5' title="bbox 598 883 2594 950; baseline 0.001 -18"><span class='ocrx_word' id='word_1_29' title='bbox 598 883 793 946; x_wconf 85' lang='lat' dir='ltr'><strong>scripto,</strong></span> <span class='ocrx_word' id='word_1_30' title='bbox 826 883 879 930; x_wconf 91' lang='lat' dir='ltr'><strong>in</strong></span> <span class='ocrx_word' id='word_1_31' title='bbox 914 899 1011 945; x_wconf 82' lang='lat' dir='ltr'><strong>quo</strong></span> <span class='ocrx_word' id='word_1_32' title='bbox 1032 883 1179 932; x_wconf 68' lang='lat' dir='ltr'><strong>etism</strong></span> <span class='ocrx_word' id='word_1_33' title='bbox 1201 883 1367 932; x_wconf 82' lang='lat' dir='ltr'><strong>ordine</strong></span> <span class='ocrx_word' id='word_1_34' title='bbox 1404 885 1684 946; x_wconf 85' lang='lat' dir='ltr'><strong>perturbato</strong></span> <span class='ocrx_word' id='word_1_35' title='bbox 1721 885 1995 932; x_wconf 72' lang='lat' dir='ltr'>Draconem</span> <span class='ocrx_word' id='word_1_36' title='bbox 2019 886 2240 948; x_wconf 87' lang='lat' dir='ltr'><strong>sequitur</strong></span> <span class='ocrx_word' id='word_1_37' title='bbox 2257 887 2594 950; x_wconf 80' lang='lat' dir='ltr'><strong>arctophylax,</strong></span> 
     </span>
     <span class='ocr_line' id='line_1_6' title="bbox 596 947 2594 1012; baseline 0.001 -16"><span class='ocrx_word' id='word_1_38' title='bbox 596 947 987 1012; x_wconf 82' lang='lat' dir='ltr'><strong>arctophylacem</strong></span> <span class='ocrx_word' id='word_1_39' title='bbox 1010 963 1202 1004; x_wconf 81' lang='lat' dir='ltr'><strong>corona,</strong></span> <span class='ocrx_word' id='word_1_40' title='bbox 1224 963 1453 996; x_wconf 86' lang='lat' dir='ltr'><strong>coronam</strong></span> <span class='ocrx_word' id='word_1_41' title='bbox 1485 949 1775 1012; x_wconf 73' lang='lat' dir='ltr'><strong>ophinchnn,</strong></span> <span class='ocrx_word' id='word_1_42' title='bbox 1809 949 2108 1011; x_wconf 86' lang='lat' dir='ltr'><strong>ophiuchum</strong></span> <span class='ocrx_word' id='word_1_43' title='bbox 2129 951 2279 1011; x_wconf 82' lang='lat' dir='ltr'><strong>virgo.</strong></span> <span class='ocrx_word' id='word_1_44' title='bbox 2349 951 2522 998; x_wconf 74' lang='lat' dir='ltr'><strong>Gnor.</strong></span> <span class='ocrx_word' id='word_1_45' title='bbox 2525 977 2594 986; x_wconf 87' lang='lat'><strong>--</strong></span> 
     </span>
     <span class='ocr_line' id='line_1_7' title="bbox 596 1013 2594 1076; baseline 0 -14"><span class='ocrx_word' id='word_1_46' title='bbox 596 1013 749 1062; x_wconf 86' lang='lat' dir='ltr'><strong>scH.</strong></span> <span class='ocrx_word' id='word_1_47' title='bbox 752 1013 1045 1062; x_wconf 81' lang='grc'><strong>-65-69.</strong></span> <span class='ocrx_word' id='word_1_48' title='bbox 1086 1013 1193 1062; x_wconf 83' lang='lat' dir='ltr'><strong>Hos</strong></span> <span class='ocrx_word' id='word_1_49' title='bbox 1225 1014 1441 1076; x_wconf 86' lang='lat' dir='ltr'><strong>quinque</strong></span> <span class='ocrx_word' id='word_1_50' title='bbox 1472 1029 1642 1062; x_wconf 84' lang='lat' dir='ltr'><strong>versus</strong></span> <span class='ocrx_word' id='word_1_51' title='bbox 1677 1015 1912 1062; x_wconf 86' lang='lat' dir='ltr'><strong>omittunt</strong></span> <span class='ocrx_word' id='word_1_52' title='bbox 1941 1014 2101 1062; x_wconf 84' lang='lat' dir='ltr'><strong>BEG.</strong></span> <span class='ocrx_word' id='word_1_53' title='bbox 2153 1016 2348 1063; x_wconf 81' lang='lat' dir='ltr'><strong>Habent</strong></span> <span class='ocrx_word' id='word_1_54' title='bbox 2383 1016 2524 1063; x_wconf 87' lang='lat' dir='ltr'><strong>AFP.</strong></span> <span class='ocrx_word' id='word_1_55' title='bbox 2528 1041 2594 1052; x_wconf 92' lang='lat'><strong>—-</strong></span> 
     </span>
     <span class='ocr_line' id='line_1_8' title="bbox 602 1076 1814 1141; baseline 0.001 -16"><span class='ocrx_word' id='word_1_56' title='bbox 602 1079 798 1141; x_wconf 73' lang='lat' dir='ltr'><strong>Effiqies</strong></span> <span class='ocrx_word' id='word_1_57' title='bbox 818 1076 951 1140; x_wconf 75' lang='lat' dir='ltr'><strong>inde]</strong></span> <span class='ocrx_word' id='word_1_58' title='bbox 976 1079 1080 1140; x_wconf 72' lang='lat' dir='ltr'><strong>gab.</strong></span> <span class='ocrx_word' id='word_1_59' title='bbox 1112 1079 1317 1140; x_wconf 72' lang='lat' dir='ltr'><strong>efficiens</strong></span> <span class='ocrx_word' id='word_1_60' title='bbox 1334 1079 1461 1126; x_wconf 66' lang='lat' dir='ltr'><strong>unde</strong></span> <span class='ocrx_word' id='word_1_61' title='bbox 1480 1078 1632 1127; x_wconf 83' lang='lat' dir='ltr'><strong>AFP.</strong></span> <span class='ocrx_word' id='word_1_62' title='bbox 1635 1079 1814 1127; x_wconf 81' lang='lat' dir='ltr'><strong>-oR.</strong></span> 
     </span>
    </p>

    <p class='ocr_par' dir='ltr' id='par_1_4' title="bbox 600 1141 2595 1582">
     <span class='ocr_line' id='line_1_9' title="bbox 666 1141 2592 1206; baseline 0.001 -16"><span class='ocrx_word' id='word_1_63' title='bbox 666 1143 747 1190; x_wconf 85' lang='lat'><strong>66.</strong></span> <span class='ocrx_word' id='word_1_64' title='bbox 780 1141 895 1190; x_wconf 79' lang='lat' dir='ltr'><strong>Non</strong></span> <span class='ocrx_word' id='word_1_65' title='bbox 930 1143 1005 1190; x_wconf 67' lang='lat' dir='ltr'><strong>ius·</strong></span> <span class='ocrx_word' id='word_1_66' title='bbox 1044 1141 1237 1200; x_wconf 75' lang='lat' dir='ltr'><strong>nomen]</strong></span> <span class='ocrx_word' id='word_1_67' title='bbox 1272 1143 1531 1205; x_wconf 85' lang='lat' dir='ltr'><strong>Proprium</strong></span> <span class='ocrx_word' id='word_1_68' title='bbox 1567 1143 1792 1192; x_wconf 81' lang='lat' dir='ltr'><strong>videlicet</strong></span> <span class='ocrx_word' id='word_1_69' title='bbox 1835 1149 1884 1190; x_wconf 85' lang='lat' dir='ltr'><strong>et</strong></span> <span class='ocrx_word' id='word_1_70' title='bbox 1925 1144 2193 1206; x_wconf 85' lang='lat' dir='ltr'><strong>antiquitus</strong></span> <span class='ocrx_word' id='word_1_71' title='bbox 2229 1143 2446 1199; x_wconf 85' lang='lat' dir='ltr'><strong>clarum;</strong></span> <span class='ocrx_word' id='word_1_72' title='bbox 2501 1145 2592 1192; x_wconf 86' lang='lat' dir='ltr'><strong>etsi</strong></span> 
     </span>
     <span class='ocr_line' id='line_1_10' title="bbox 602 1207 2592 1270; baseline 0 -14"><span class='ocrx_word' id='word_1_73' title='bbox 602 1215 767 1270; x_wconf 79' lang='lat' dir='ltr'><strong>postes</strong></span> <span class='ocrx_word' id='word_1_74' title='bbox 788 1207 1059 1268; x_wconf 73' lang='lat' dir='ltr'><strong>conjectata</strong></span> <span class='ocrx_word' id='word_1_75' title='bbox 1080 1208 1145 1256; x_wconf 72' lang='lat' dir='ltr'><strong>sit</strong></span> <span class='ocrx_word' id='word_1_76' title='bbox 1164 1224 1193 1257; x_wconf 87' lang='lat' dir='ltr'><strong>a</strong></span> <span class='ocrx_word' id='word_1_77' title='bbox 1212 1208 1367 1256; x_wconf 83' lang='lat' dir='ltr'><strong>doctis</strong></span> <span class='ocrx_word' id='word_1_78' title='bbox 1387 1207 1504 1255; x_wconf 78' lang='lat' dir='ltr'><strong>viris</strong></span> <span class='ocrx_word' id='word_1_79' title='bbox 1524 1223 1746 1270; x_wconf 84' lang='lat' dir='ltr'><strong>persona,</strong></span> <span class='ocrx_word' id='word_1_80' title='bbox 1781 1208 1862 1256; x_wconf 86' lang='lat' dir='ltr'><strong>cui</strong></span> <span class='ocrx_word' id='word_1_81' title='bbox 1881 1216 1930 1256; x_wconf 90' lang='lat' dir='ltr'><strong>et</strong></span> <span class='ocrx_word' id='word_1_82' title='bbox 1950 1209 2106 1270; x_wconf 85' lang='lat' dir='ltr'><strong>figura</strong></span> <span class='ocrx_word' id='word_1_83' title='bbox 2127 1209 2340 1256; x_wconf 87' lang='lat' dir='ltr'><strong>coelestis</strong></span> <span class='ocrx_word' id='word_1_84' title='bbox 2361 1210 2592 1256; x_wconf 87' lang='lat' dir='ltr'><strong>conveni-</strong></span> 
     </span>
     <span class='ocr_line' id='line_1_11' title="bbox 600 1271 2593 1334; baseline 0 -14"><span class='ocrx_word' id='word_1_85' title='bbox 600 1279 691 1330; x_wconf 87' lang='lat' dir='ltr'><strong>ret,</strong></span> <span class='ocrx_word' id='word_1_86' title='bbox 726 1280 777 1320; x_wconf 85' lang='lat' dir='ltr'><strong>et</strong></span> <span class='ocrx_word' id='word_1_87' title='bbox 796 1287 975 1320; x_wconf 87' lang='lat' dir='ltr'><strong>nomen</strong></span> <span class='ocrx_word' id='word_1_88' title='bbox 994 1271 1260 1321; x_wconf 78' lang='lat' dir='ltr'><strong>inderetur.</strong></span> <span class='ocrx_word' id='word_1_89' title='bbox 1328 1272 1440 1321; x_wconf 88' lang='lat' dir='ltr'><strong>Vid.</strong></span> <span class='ocrx_word' id='word_1_90' title='bbox 1462 1273 1718 1330; x_wconf 82' lang='lat' dir='ltr'><strong>Avienum,</strong></span> <span class='ocrx_word' id='word_1_91' title='bbox 1737 1279 1788 1320; x_wconf 88' lang='lat' dir='ltr'><strong>et</strong></span> <span class='ocrx_word' id='word_1_92' title='bbox 1807 1288 1918 1334; x_wconf 84' lang='lat' dir='ltr'><strong>quae</strong></span> <span class='ocrx_word' id='word_1_93' title='bbox 1939 1274 2057 1320; x_wconf 82' lang='lat' dir='ltr'><strong>adv.</strong></span> <span class='ocrx_word' id='word_1_94' title='bbox 2084 1275 2148 1322; x_wconf 80' lang='lat'><strong>74</strong></span> <span class='ocrx_word' id='word_1_95' title='bbox 2171 1274 2407 1322; x_wconf 80' lang='lat' dir='ltr'><strong>dicemus,</strong></span> <span class='ocrx_word' id='word_1_96' title='bbox 2479 1276 2593 1320; x_wconf 78' lang='lat' dir='ltr'><strong>Non</strong></span> 
     </span>
     <span class='ocr_line' id='line_1_12' title="bbox 600 1308 2594 1400; baseline 0.001 -16"><span class='ocrx_word' id='word_1_97' title='bbox 600 1341 763 1400; x_wconf 64' lang='lat' dir='ltr'><strong>numqui</strong></span> <span class='ocrx_word' id='word_1_98' title='bbox 782 1351 924 1384; x_wconf 75' lang='lat' dir='ltr'><strong>causa</strong></span> <span class='ocrx_word' id='word_1_99' title='bbox 946 1335 1149 1399; x_wconf 73' lang='lat' dir='ltr'><strong>laboris]</strong></span> <span class='ocrx_word' id='word_1_100' title='bbox 1184 1338 1233 1386; x_wconf 91' lang='lat' dir='ltr'><strong>id</strong></span> <span class='ocrx_word' id='word_1_101' title='bbox 1256 1343 1345 1397; x_wconf 88' lang='lat' dir='ltr'><strong>est,</strong></span> <span class='ocrx_word' id='word_1_102' title='bbox 1382 1353 1471 1386; x_wconf 88' lang='lat' dir='ltr'><strong>cur</strong></span> <span class='ocrx_word' id='word_1_103' title='bbox 1490 1345 1542 1386; x_wconf 91' lang='lat' dir='ltr'><strong>et</strong></span> <span class='ocrx_word' id='word_1_104' title='bbox 1561 1337 1681 1400; x_wconf 87' lang='lat' dir='ltr'><strong>quid</strong></span> <span class='ocrx_word' id='word_1_105' title='bbox 1705 1308 1912 1395; x_wconf 60' lang='lat' dir='ltr'><strong>laboret,</strong></span> <span class='ocrx_word' id='word_1_106' title='bbox 1945 1339 2208 1400; x_wconf 87' lang='lat' dir='ltr'><strong>ignoratur.</strong></span> <span class='ocrx_word' id='word_1_107' title='bbox 2275 1338 2458 1386; x_wconf 78' lang='lat' dir='ltr'><strong>Saltem</strong></span> <span class='ocrx_word' id='word_1_108' title='bbox 2489 1339 2594 1386; x_wconf 82' lang='lat' dir='ltr'><strong>haec</strong></span> 
     </span>
     <span class='ocr_line' id='line_1_13' title="bbox 602 1401 2595 1466; baseline 0 -16"><span class='ocrx_word' id='word_1_109' title='bbox 602 1402 675 1450; x_wconf 76' lang='lat' dir='ltr'><strong>vis</strong></span> <span class='ocrx_word' id='word_1_110' title='bbox 697 1403 824 1450; x_wconf 75' lang='lat' dir='ltr'><strong>inest</strong></span> <span class='ocrx_word' id='word_1_111' title='bbox 848 1401 980 1450; x_wconf 85' lang='lat' dir='ltr'><strong>hisce</strong></span> <span class='ocrx_word' id='word_1_112' title='bbox 1002 1401 1175 1461; x_wconf 77' lang='lat' dir='ltr'><strong>verbis,</strong></span> <span class='ocrx_word' id='word_1_113' title='bbox 1198 1403 1241 1450; x_wconf 83' lang='lat' dir='ltr'><strong>si</strong></span> <span class='ocrx_word' id='word_1_114' title='bbox 1262 1403 1397 1450; x_wconf 82' lang='lat' dir='ltr'><strong>Arati</strong></span> <span class='ocrx_word' id='word_1_115' title='bbox 1418 1409 1636 1450; x_wconf 80' lang='lat' dir='ltr'><strong>mentem</strong></span> <span class='ocrx_word' id='word_1_116' title='bbox 1659 1403 1894 1466; x_wconf 85' lang='lat' dir='ltr'><strong>spectavit</strong></span> <span class='ocrx_word' id='word_1_117' title='bbox 1913 1412 1966 1451; x_wconf 90' lang='lat' dir='ltr'><strong>et</strong></span> <span class='ocrx_word' id='word_1_118' title='bbox 1979 1403 2244 1466; x_wconf 83' lang='lat' dir='ltr'><strong>exprimere</strong></span> <span class='ocrx_word' id='word_1_119' title='bbox 2263 1403 2418 1450; x_wconf 83' lang='lat' dir='ltr'><strong>voluit</strong></span> <span class='ocrx_word' id='word_1_120' title='bbox 2435 1402 2595 1450; x_wconf 85' lang='lat' dir='ltr'><strong>Autor</strong></span> 
     </span>
     <span class='ocr_line' id='line_1_14' title="bbox 602 1465 2592 1532; baseline 0.001 -17"><span class='ocrx_word' id='word_1_121' title='bbox 602 1473 783 1515; x_wconf 85' lang='lat' dir='ltr'><strong>noster.</strong></span> <span class='ocrx_word' id='word_1_122' title='bbox 849 1465 1021 1529; x_wconf 85' lang='lat' dir='ltr'><strong>Itaque</strong></span> <span class='ocrx_word' id='word_1_123' title='bbox 1058 1467 1306 1527; x_wconf 83' lang='lat' dir='ltr'><strong>Manilius,</strong></span> <span class='ocrx_word' id='word_1_124' title='bbox 1344 1466 1431 1515; x_wconf 91' lang='lat' dir='ltr'><strong>lib.</strong></span> <span class='ocrx_word' id='word_1_125' title='bbox 1464 1466 1506 1514; x_wconf 98' lang='grc' dir='ltr'><strong>Ι.</strong></span> <span class='ocrx_word' id='word_1_126' title='bbox 1545 1468 1657 1515; x_wconf 73' lang='lat'><strong>314.</strong></span> <span class='ocrx_word' id='word_1_127' title='bbox 1721 1467 1858 1514; x_wconf 70' lang='lat' dir='ltr'><strong>Nisa</strong></span> <span class='ocrx_word' id='word_1_128' title='bbox 1891 1471 2020 1516; x_wconf 73' lang='lat' dir='ltr'><strong>venit</strong></span> <span class='ocrx_word' id='word_1_129' title='bbox 2053 1471 2226 1532; x_wconf 72' lang='lat' dir='ltr'><strong>species</strong></span> <span class='ocrx_word' id='word_1_130' title='bbox 2251 1469 2464 1530; x_wconf 65' lang='lat' dir='ltr'><strong>genibus,</strong></span> <span class='ocrx_word' id='word_1_131' title='bbox 2499 1467 2592 1516; x_wconf 78' lang='lat' dir='ltr'><strong>sibi</strong></span> 
     </span>
     <span class='ocr_line' id='line_1_15' title="bbox 602 1531 1856 1582; baseline 0.001 -4"><span class='ocrx_word' id='word_1_132' title='bbox 602 1535 789 1582; x_wconf 70' lang='lat' dir='ltr'><strong>conse-ia</strong></span> <span class='ocrx_word' id='word_1_133' title='bbox 808 1546 969 1579; x_wconf 76' lang='lat' dir='ltr'><strong>cam.</strong></span> <span class='ocrx_word' id='word_1_134' title='bbox 972 1531 1187 1579; x_wconf 69' lang='lat' dir='ltr'><strong>—SCIL</strong></span> <span class='ocrx_word' id='word_1_135' title='bbox 1204 1531 1516 1580; x_wconf 72' lang='lat' dir='ltr'><strong>——Num</strong></span> <span class='ocrx_word' id='word_1_136' title='bbox 1533 1531 1662 1579; x_wconf 84' lang='lat' dir='ltr'><strong>AFP</strong></span> <span class='ocrx_word' id='word_1_137' title='bbox 1664 1532 1856 1580; x_wconf 86' lang='lat' dir='ltr'><strong>.—-O.R.</strong></span> 
     </span>
    </p>

    <p class='ocr_par' dir='ltr' id='par_1_5' title="bbox 670 1595 1798 1658">
     <span class='ocr_line' id='line_1_16' title="bbox 670 1595 1798 1658; baseline 0 -14"><span class='ocrx_word' id='word_1_138' title='bbox 670 1596 749 1645; x_wconf 84' lang='grc'><strong>67.</strong></span> <span class='ocrx_word' id='word_1_139' title='bbox 782 1596 965 1655; x_wconf 73' lang='lat' dir='ltr'><strong>Nixus]</strong></span> <span class='ocrx_word' id='word_1_140' title='bbox 990 1595 1141 1658; x_wconf 80' lang='lat' dir='ltr'><strong>Agsb.</strong></span> <span class='ocrx_word' id='word_1_141' title='bbox 1175 1599 1297 1644; x_wconf 65' lang='lat' dir='ltr'><strong>nixa</strong></span> <span class='ocrx_word' id='word_1_142' title='bbox 1319 1597 1373 1644; x_wconf 88' lang='lat' dir='ltr'><strong>F.</strong></span> <span class='ocrx_word' id='word_1_143' title='bbox 1406 1599 1537 1644; x_wconf 73' lang='lat' dir='ltr'><strong>nim</strong></span> <span class='ocrx_word' id='word_1_144' title='bbox 1559 1600 1598 1645; x_wconf 88' lang='lat' dir='ltr'><strong>P</strong></span> <span class='ocrx_word' id='word_1_145' title='bbox 1601 1595 1798 1644; x_wconf 83' lang='lat' dir='ltr'><strong>.-0R.</strong></span> 
     </span>
    </p>

    <p class='ocr_par' dir='ltr' id='par_1_6' title="bbox 604 1660 2594 1982">
     <span class='ocr_line' id='line_1_17' title="bbox 671 1660 2590 1722; baseline -0.001 -13"><span class='ocrx_word' id='word_1_146' title='bbox 671 1661 749 1710; x_wconf 81' lang='lat'><strong>68.</strong></span> <span class='ocrx_word' id='word_1_147' title='bbox 788 1661 907 1709; x_wconf 66' lang='lat' dir='ltr'><strong>Haec</strong></span> <span class='ocrx_word' id='word_1_148' title='bbox 928 1661 1073 1709; x_wconf 86' lang='lat' dir='ltr'><strong>verba</strong></span> <span class='ocrx_word' id='word_1_149' title='bbox 1092 1661 1283 1720; x_wconf 82' lang='lat' dir='ltr'><strong>docent,</strong></span> <span class='ocrx_word' id='word_1_150' title='bbox 1320 1661 1614 1710; x_wconf 83' lang='lat' dir='ltr'><strong>Germanico</strong></span> <span class='ocrx_word' id='word_1_151' title='bbox 1635 1662 1762 1708; x_wconf 86' lang='lat' dir='ltr'><strong>hanc</strong></span> <span class='ocrx_word' id='word_1_152' title='bbox 1781 1661 1992 1722; x_wconf 85' lang='lat' dir='ltr'><strong>effigiem</strong></span> <span class='ocrx_word' id='word_1_153' title='bbox 2014 1676 2112 1708; x_wconf 88' lang='lat' dir='ltr'><strong>non</strong></span> <span class='ocrx_word' id='word_1_154' title='bbox 2135 1660 2289 1708; x_wconf 83' lang='lat' dir='ltr'><strong>visam</strong></span> <span class='ocrx_word' id='word_1_155' title='bbox 2321 1677 2428 1708; x_wconf 88' lang='lat' dir='ltr'><strong>esse</strong></span> <span class='ocrx_word' id='word_1_156' title='bbox 2465 1661 2590 1708; x_wconf 89' lang='lat' dir='ltr'><strong>Her-</strong></span> 
     </span>
     <span class='ocr_line' id='line_1_18' title="bbox 604 1725 2591 1788; baseline 0 -14"><span class='ocrx_word' id='word_1_157' title='bbox 604 1725 769 1774; x_wconf 87' lang='lat' dir='ltr'><strong>culem</strong></span> <span class='ocrx_word' id='word_1_158' title='bbox 804 1741 917 1773; x_wconf 89' lang='lat' dir='ltr'><strong>cum</strong></span> <span class='ocrx_word' id='word_1_159' title='bbox 956 1726 1181 1774; x_wconf 76' lang='lat' dir='ltr'><strong>Dracone</strong></span> <span class='ocrx_word' id='word_1_160' title='bbox 1216 1733 1532 1788; x_wconf 75' lang='lat' dir='ltr'><strong>pugnantem.</strong></span> <span class='ocrx_word' id='word_1_161' title='bbox 1601 1726 1758 1787; x_wconf 84' lang='lat' dir='ltr'><strong>Cujus</strong></span> <span class='ocrx_word' id='word_1_162' title='bbox 1794 1727 2048 1774; x_wconf 81' lang='lat' dir='ltr'><strong>sententiae</strong></span> <span class='ocrx_word' id='word_1_163' title='bbox 2083 1725 2166 1773; x_wconf 90' lang='lat' dir='ltr'><strong>alii</strong></span> <span class='ocrx_word' id='word_1_164' title='bbox 2199 1726 2415 1773; x_wconf 87' lang='lat' dir='ltr'><strong>fuerunt.</strong></span> <span class='ocrx_word' id='word_1_165' title='bbox 2479 1726 2591 1774; x_wconf 86' lang='lat' dir='ltr'><strong>vid.</strong></span> 
     </span>
     <span class='ocr_line' id='line_1_19' title="bbox 608 1790 2592 1853; baseline -0.001 -15"><span class='ocrx_word' id='word_1_166' title='bbox 608 1790 793 1853; x_wconf 76' lang='lat' dir='ltr'><strong>Hygia.</strong></span> <span class='ocrx_word' id='word_1_167' title='bbox 819 1790 956 1840; x_wconf 56' lang='lat' dir='ltr'><strong>Post.</strong></span> <span class='ocrx_word' id='word_1_168' title='bbox 974 1791 1174 1840; x_wconf 80' lang='lat' dir='ltr'><strong>Astron.</strong></span> <span class='ocrx_word' id='word_1_169' title='bbox 1230 1791 1468 1838; x_wconf 72' lang='lat' dir='ltr'><strong>Fortassis</strong></span> <span class='ocrx_word' id='word_1_170' title='bbox 1484 1791 1675 1852; x_wconf 82' lang='lat' dir='ltr'><strong>putavit</strong></span> <span class='ocrx_word' id='word_1_171' title='bbox 1687 1807 1792 1838; x_wconf 90' lang='lat' dir='ltr'><strong>esse</strong></span> <span class='ocrx_word' id='word_1_172' title='bbox 1815 1791 2082 1838; x_wconf 83' lang='lat' dir='ltr'><strong>Herculem</strong></span> <span class='ocrx_word' id='word_1_173' title='bbox 2097 1807 2155 1838; x_wconf 86' lang='lat' dir='ltr'><strong>ex</strong></span> <span class='ocrx_word' id='word_1_174' title='bbox 2171 1806 2334 1852; x_wconf 87' lang='lat' dir='ltr'><strong>pugna</strong></span> <span class='ocrx_word' id='word_1_175' title='bbox 2349 1791 2592 1852; x_wconf 88' lang='lat' dir='ltr'><strong>Ligurum</strong></span> 
     </span>
     <span class='ocr_line' id='line_1_20' title="bbox 606 1853 2594 1918; baseline 0 -16"><span class='ocrx_word' id='word_1_176' title='bbox 606 1855 810 1903; x_wconf 71' lang='lat' dir='ltr'><strong>fessum.</strong></span> <span class='ocrx_word' id='word_1_177' title='bbox 877 1855 990 1905; x_wconf 81' lang='lat' dir='ltr'><strong>Qua</strong></span> <span class='ocrx_word' id='word_1_178' title='bbox 1010 1855 1070 1904; x_wconf 89' lang='lat' dir='ltr'><strong>de</strong></span> <span class='ocrx_word' id='word_1_179' title='bbox 1091 1871 1143 1903; x_wconf 86' lang='lat' dir='ltr'><strong>re</strong></span> <span class='ocrx_word' id='word_1_180' title='bbox 1166 1855 1368 1916; x_wconf 77' lang='lat' dir='ltr'><strong>Capella</strong></span> <span class='ocrx_word' id='word_1_181' title='bbox 1387 1855 1479 1902; x_wconf 90' lang='lat' dir='ltr'><strong>VI.</strong></span> <span class='ocrx_word' id='word_1_182' title='bbox 1501 1855 1560 1903; x_wconf 89' lang='lat' dir='ltr'><strong>de</strong></span> <span class='ocrx_word' id='word_1_183' title='bbox 1583 1863 1718 1918; x_wconf 85' lang='lat' dir='ltr'><strong>nupt.</strong></span> <span class='ocrx_word' id='word_1_184' title='bbox 1742 1855 1870 1903; x_wconf 85' lang='lat' dir='ltr'><strong>Phil.</strong></span> <span class='ocrx_word' id='word_1_185' title='bbox 1892 1871 1942 1918; x_wconf 92' lang='lat' dir='ltr'><strong>p.</strong></span> <span class='ocrx_word' id='word_1_186' title='bbox 1969 1855 2226 1903; x_wconf 82' lang='lat' dir='ltr'><strong>206.-SC</strong></span> <span class='ocrx_word' id='word_1_187' title='bbox 2235 1853 2594 1903; x_wconf 71' lang='lat' dir='ltr'><strong>H.--Passis</strong></span> 
     </span>
     <span class='ocr_line' id='line_1_21' title="bbox 606 1919 1305 1982; baseline 0 -14"><span class='ocrx_word' id='word_1_188' title='bbox 606 1923 665 1968; x_wconf 78' lang='lat' dir='ltr'><strong>A.</strong></span> <span class='ocrx_word' id='word_1_189' title='bbox 697 1922 859 1981; x_wconf 67' lang='lat' dir='ltr'><strong>pann&#39;s</strong></span> <span class='ocrx_word' id='word_1_190' title='bbox 878 1919 1305 1982; x_wconf 87' lang='lat' dir='ltr'><strong>(F.)Pgsb.—OR..</strong></span> 
     </span>
    </p>

    <p class='ocr_par' dir='ltr' id='par_1_7' title="bbox 605 1983 2611 3858">
     <span class='ocr_line' id='line_1_22' title="bbox 675 1983 2594 2047; baseline 0 -15"><span class='ocrx_word' id='word_1_191' title='bbox 675 1985 753 2034; x_wconf 87' lang='lat'><strong>69.</strong></span> <span class='ocrx_word' id='word_1_192' title='bbox 792 1987 929 2032; x_wconf 81' lang='lat' dir='ltr'><strong>Laeva</strong></span> <span class='ocrx_word' id='word_1_193' title='bbox 948 1984 1141 2047; x_wconf 74' lang='lat' dir='ltr'><strong>scripsit</strong></span> <span class='ocrx_word' id='word_1_194' title='bbox 1158 1983 1500 2032; x_wconf 85' lang='lat' dir='ltr'><strong>Germanicus.</strong></span> <span class='ocrx_word' id='word_1_195' title='bbox 1567 1985 1663 2032; x_wconf 90' lang='lat' dir='ltr'><strong>Sed</strong></span> <span class='ocrx_word' id='word_1_196' title='bbox 1685 1985 1800 2046; x_wconf 86' lang='lat' dir='ltr'><strong>quia</strong></span> <span class='ocrx_word' id='word_1_197' title='bbox 1823 1983 1994 2032; x_wconf 89' lang='lat' dir='ltr'><strong>Critici</strong></span> <span class='ocrx_word' id='word_1_198' title='bbox 2013 1984 2184 2047; x_wconf 87' lang='lat' dir='ltr'><strong>prioris</strong></span> <span class='ocrx_word' id='word_1_199' title='bbox 2205 1983 2356 2032; x_wconf 88' lang='lat' dir='ltr'><strong>seculi</strong></span> <span class='ocrx_word' id='word_1_200' title='bbox 2389 1987 2594 2032; x_wconf 83' lang='lat' dir='ltr'><strong>Aratum</strong></span> 
     </span>
     <span class='ocr_line' id='line_1_23' title="bbox 614 2048 2594 2112; baseline 0 -17"><span class='ocrx_word' id='word_1_201' title='bbox 614 2049 845 2097; x_wconf 84' lang='lat' dir='ltr'><strong>viderunt</strong></span> <span class='ocrx_word' id='word_1_202' title='bbox 862 2051 1035 2111; x_wconf 86' lang='lat' dir='ltr'><strong>pedem</strong></span> <span class='ocrx_word' id='word_1_203' title='bbox 1056 2049 1281 2097; x_wconf 85' lang='lat' dir='ltr'><strong>dextrum</strong></span> <span class='ocrx_word' id='word_1_204' title='bbox 1302 2049 1587 2110; x_wconf 83' lang='lat' dir='ltr'><strong>exprimere,</strong></span> <span class='ocrx_word' id='word_1_205' title='bbox 1609 2065 1756 2112; x_wconf 88' lang='lat' dir='ltr'><strong>quem</strong></span> <span class='ocrx_word' id='word_1_206' title='bbox 1776 2050 1998 2112; x_wconf 88' lang='lat' dir='ltr'><strong>sequitur</strong></span> <span class='ocrx_word' id='word_1_207' title='bbox 2021 2050 2254 2106; x_wconf 85' lang='lat' dir='ltr'><strong>Avienus,</strong></span> <span class='ocrx_word' id='word_1_208' title='bbox 2275 2048 2441 2096; x_wconf 89' lang='lat' dir='ltr'><strong>locum</strong></span> <span class='ocrx_word' id='word_1_209' title='bbox 2462 2049 2594 2096; x_wconf 88' lang='lat' dir='ltr'><strong>hunc</strong></span> 
     </span>
     <span class='ocr_line' id='line_1_24' title="bbox 612 2113 2594 2176; baseline -0.001 -14"><span class='ocrx_word' id='word_1_210' title='bbox 612 2121 943 2162; x_wconf 86' lang='lat' dir='ltr'><strong>mutaverunt.</strong></span> <span class='ocrx_word' id='word_1_211' title='bbox 1028 2115 1125 2162; x_wconf 85' lang='lat' dir='ltr'><strong>Sed</strong></span> <span class='ocrx_word' id='word_1_212' title='bbox 1160 2114 1425 2162; x_wconf 83' lang='lat' dir='ltr'><strong>debuerant</strong></span> <span class='ocrx_word' id='word_1_213' title='bbox 1456 2113 1630 2162; x_wconf 83' lang='lat' dir='ltr'><strong>saltem</strong></span> <span class='ocrx_word' id='word_1_214' title='bbox 1671 2113 1926 2176; x_wconf 84' lang='lat' dir='ltr'><strong>Hyginum</strong></span> <span class='ocrx_word' id='word_1_215' title='bbox 1969 2114 2236 2172; x_wconf 85' lang='lat' dir='ltr'><strong>consulere,</strong></span> <span class='ocrx_word' id='word_1_216' title='bbox 2279 2114 2361 2174; x_wconf 91' lang='lat' dir='ltr'><strong>qui</strong></span> <span class='ocrx_word' id='word_1_217' title='bbox 2404 2115 2594 2160; x_wconf 83' lang='lat' dir='ltr'><strong>disertis</strong></span> 
     </span>
     <span class='ocr_line' id='line_1_25' title="bbox 608 2178 2592 2241; baseline -0.001 -15"><span class='ocrx_word' id='word_1_218' title='bbox 608 2179 767 2226; x_wconf 80' lang='lat' dir='ltr'><strong>verbis</strong></span> <span class='ocrx_word' id='word_1_219' title='bbox 788 2178 871 2236; x_wconf 89' lang='lat' dir='ltr'><strong>ait,</strong></span> <span class='ocrx_word' id='word_1_220' title='bbox 892 2178 1016 2228; x_wconf 78' lang='lat' dir='ltr'><strong>laevo</strong></span> <span class='ocrx_word' id='word_1_221' title='bbox 1038 2179 1157 2241; x_wconf 91' lang='lat' dir='ltr'><strong>pede</strong></span> <span class='ocrx_word' id='word_1_222' title='bbox 1178 2183 1325 2241; x_wconf 85' lang='lat' dir='ltr'><strong>caput</strong></span> <span class='ocrx_word' id='word_1_223' title='bbox 1344 2178 1565 2226; x_wconf 86' lang='lat' dir='ltr'><strong>draconis</strong></span> <span class='ocrx_word' id='word_1_224' title='bbox 1586 2179 1817 2241; x_wconf 85' lang='lat' dir='ltr'><strong>opprimi:</strong></span> <span class='ocrx_word' id='word_1_225' title='bbox 1853 2179 2117 2226; x_wconf 88' lang='lat' dir='ltr'><strong>debuerant</strong></span> <span class='ocrx_word' id='word_1_226' title='bbox 2134 2179 2294 2241; x_wconf 89' lang='lat' dir='ltr'><strong>ipsum</strong></span> <span class='ocrx_word' id='word_1_227' title='bbox 2311 2178 2461 2225; x_wconf 88' lang='lat' dir='ltr'><strong>situm</strong></span> <span class='ocrx_word' id='word_1_228' title='bbox 2476 2194 2592 2225; x_wconf 89' lang='lat' dir='ltr'><strong>cou-</strong></span> 
     </span>
     <span class='ocr_line' id='line_1_26' title="bbox 611 2242 2595 2317; baseline -0.001 -26"><span class='ocrx_word' id='word_1_229' title='bbox 611 2243 787 2304; x_wconf 82' lang='lat' dir='ltr'><strong>sulere,</strong></span> <span class='ocrx_word' id='word_1_230' title='bbox 827 2242 913 2306; x_wconf 89' lang='lat' dir='ltr'><strong>qui</strong></span> <span class='ocrx_word' id='word_1_231' title='bbox 948 2244 1065 2291; x_wconf 83' lang='lat' dir='ltr'><strong>satis</strong></span> <span class='ocrx_word' id='word_1_232' title='bbox 1100 2243 1296 2300; x_wconf 87' lang='lat' dir='ltr'><strong>indicat,</strong></span> <span class='ocrx_word' id='word_1_233' title='bbox 1334 2242 1522 2290; x_wconf 81' lang='lat' dir='ltr'><strong>Nixum</strong></span> <span class='ocrx_word' id='word_1_234' title='bbox 1563 2243 1732 2290; x_wconf 82' lang='lat' dir='ltr'><strong>dextro</strong></span> <span class='ocrx_word' id='word_1_235' title='bbox 1767 2242 1909 2304; x_wconf 88' lang='lat' dir='ltr'><strong>pede,</strong></span> <span class='ocrx_word' id='word_1_236' title='bbox 1942 2244 2137 2290; x_wconf 84' lang='lat' dir='ltr'><strong>sinistro</strong></span> <span class='ocrx_word' id='word_1_237' title='bbox 2175 2242 2322 2317; x_wconf 76' lang='lat' dir='ltr'><strong>capiti</strong></span> <span class='ocrx_word' id='word_1_238' title='bbox 2355 2243 2595 2290; x_wconf 87' lang='lat' dir='ltr'><strong>Draconis</strong></span> 
     </span>
     <span class='ocr_line' id='line_1_27' title="bbox 608 2307 2595 2369; baseline -0.001 -14"><span class='ocrx_word' id='word_1_239' title='bbox 608 2309 808 2356; x_wconf 84' lang='lat' dir='ltr'><strong>instare.</strong></span> <span class='ocrx_word' id='word_1_240' title='bbox 866 2307 891 2353; x_wconf 90' lang='grc' dir='ltr'><strong>Ι</strong></span> <span class='ocrx_word' id='word_1_241' title='bbox 926 2323 979 2356; x_wconf 90' lang='lat' dir='ltr'><strong>se</strong></span> <span class='ocrx_word' id='word_1_242' title='bbox 1000 2307 1289 2356; x_wconf 74' lang='lat' dir='ltr'><strong>scholiastes</strong></span> <span class='ocrx_word' id='word_1_243' title='bbox 1308 2307 1504 2364; x_wconf 82' lang='lat' dir='ltr'><strong>fatetur,</strong></span> <span class='ocrx_word' id='word_1_244' title='bbox 1526 2309 1691 2355; x_wconf 79' lang='lat' dir='ltr'><strong>laevum</strong></span> <span class='ocrx_word' id='word_1_245' title='bbox 1711 2308 1827 2369; x_wconf 88' lang='lat' dir='ltr'><strong>poni</strong></span> <span class='ocrx_word' id='word_1_246' title='bbox 1843 2307 2082 2363; x_wconf 81' lang='lat' dir='ltr'><strong>debuisse,</strong></span> <span class='ocrx_word' id='word_1_247' title='bbox 2105 2308 2188 2354; x_wconf 91' lang='lat' dir='ltr'><strong>sed</strong></span> <span class='ocrx_word' id='word_1_248' title='bbox 2203 2308 2286 2364; x_wconf 86' lang='lat' dir='ltr'><strong>ait,</strong></span> <span class='ocrx_word' id='word_1_249' title='bbox 2308 2314 2364 2354; x_wconf 88' lang='lat' dir='ltr'><strong>ut</strong></span> <span class='ocrx_word' id='word_1_250' title='bbox 2385 2307 2595 2355; x_wconf 87' lang='lat' dir='ltr'><strong>Aratum</strong></span> 
     </span>
     <span class='ocr_line' id='line_1_28' title="bbox 608 2368 2596 2452; baseline -0.001 -31"><span class='ocrx_word' id='word_1_251' title='bbox 608 2381 823 2430; x_wconf 83' lang='lat' dir='ltr'><strong>excuset,</strong></span> <span class='ocrx_word' id='word_1_252' title='bbox 849 2387 908 2419; x_wconf 84' lang='lat' dir='ltr'><strong>ro</strong></span> <span class='ocrx_word' id='word_1_253' title='bbox 930 2369 1179 2452; x_wconf 75' lang='grc' dir='ltr'><strong>δεξιτεροῦ</strong></span> <span class='ocrx_word' id='word_1_254' title='bbox 1194 2373 1256 2420; x_wconf 88' lang='lat' dir='ltr'><strong>ad</strong></span> <span class='ocrx_word' id='word_1_255' title='bbox 1268 2368 1548 2435; x_wconf 75' lang='grc' dir='ltr'><strong>δράκοντος</strong></span> <span class='ocrx_word' id='word_1_256' title='bbox 1565 2371 1882 2428; x_wconf 86' lang='lat' dir='ltr'><strong>referendum,</strong></span> <span class='ocrx_word' id='word_1_257' title='bbox 1899 2379 1956 2420; x_wconf 87' lang='lat' dir='ltr'><strong>ut</strong></span> <span class='ocrx_word' id='word_1_258' title='bbox 1971 2373 2035 2420; x_wconf 88' lang='lat' dir='ltr'><strong>sit</strong></span> <span class='ocrx_word' id='word_1_259' title='bbox 2049 2369 2295 2436; x_wconf 56' lang='lat' dir='ltr'><strong>&amp;atnepos</strong></span> <span class='ocrx_word' id='word_1_260' title='bbox 2314 2368 2596 2434; x_wconf 77' lang='grc' dir='ltr'><strong>δράκοντος</strong></span> 
     </span>
     <span class='ocr_line' id='line_1_29' title="bbox 608 2435 2594 2502; baseline -0.001 -17"><span class='ocrx_word' id='word_1_261' title='bbox 608 2453 696 2500; x_wconf 89' lang='lat' dir='ltr'><strong>pro</strong></span> <span class='ocrx_word' id='word_1_262' title='bbox 716 2435 1027 2502; x_wconf 74' lang='grc' dir='ltr'><strong>βορειοτέρει.</strong></span> <span class='ocrx_word' id='word_1_263' title='bbox 1098 2436 1193 2484; x_wconf 91' lang='lat' dir='ltr'><strong>Sed</strong></span> <span class='ocrx_word' id='word_1_264' title='bbox 1226 2452 1323 2484; x_wconf 90' lang='lat' dir='ltr'><strong>non</strong></span> <span class='ocrx_word' id='word_1_265' title='bbox 1360 2437 1630 2499; x_wconf 78' lang='lat' dir='ltr'><strong>persuadet.</strong></span> <span class='ocrx_word' id='word_1_266' title='bbox 1669 2435 1813 2484; x_wconf 85' lang='lat' dir='ltr'><strong>Notae</strong></span> <span class='ocrx_word' id='word_1_267' title='bbox 1844 2437 1982 2484; x_wconf 85' lang='lat' dir='ltr'><strong>nobis</strong></span> <span class='ocrx_word' id='word_1_268' title='bbox 2017 2453 2163 2498; x_wconf 85' lang='lat' dir='ltr'><strong>nugae</strong></span> <span class='ocrx_word' id='word_1_269' title='bbox 2199 2437 2594 2495; x_wconf 84' lang='lat' dir='ltr'><strong>Scholiastarum,</strong></span> 
     </span>
     <span class='ocr_line' id='line_1_30' title="bbox 610 2501 2596 2564; baseline -0.001 -14"><span class='ocrx_word' id='word_1_270' title='bbox 610 2503 695 2564; x_wconf 89' lang='lat' dir='ltr'><strong>qui</strong></span> <span class='ocrx_word' id='word_1_271' title='bbox 716 2517 969 2563; x_wconf 87' lang='lat' dir='ltr'><strong>nunquam</strong></span> <span class='ocrx_word' id='word_1_272' title='bbox 994 2502 1130 2549; x_wconf 84' lang='lat' dir='ltr'><strong>fateri</strong></span> <span class='ocrx_word' id='word_1_273' title='bbox 1152 2501 1338 2558; x_wconf 84' lang='lat' dir='ltr'><strong>volunt,</strong></span> <span class='ocrx_word' id='word_1_274' title='bbox 1362 2509 1582 2548; x_wconf 81' lang='lat' dir='ltr'><strong>autorem</strong></span> <span class='ocrx_word' id='word_1_275' title='bbox 1601 2516 1746 2548; x_wconf 85' lang='lat' dir='ltr'><strong>suum</strong></span> <span class='ocrx_word' id='word_1_276' title='bbox 1767 2517 1967 2556; x_wconf 86' lang='lat' dir='ltr'><strong>errasse,</strong></span> <span class='ocrx_word' id='word_1_277' title='bbox 1989 2502 2082 2549; x_wconf 90' lang='lat' dir='ltr'><strong>hoc</strong></span> <span class='ocrx_word' id='word_1_278' title='bbox 2104 2510 2192 2560; x_wconf 89' lang='lat' dir='ltr'><strong>est,</strong></span> <span class='ocrx_word' id='word_1_279' title='bbox 2207 2501 2456 2549; x_wconf 89' lang='lat' dir='ltr'><strong>hominem</strong></span> <span class='ocrx_word' id='word_1_280' title='bbox 2473 2518 2596 2549; x_wconf 86' lang='lat' dir='ltr'><strong>esse.</strong></span> 
     </span>
     <span class='ocr_line' id='line_1_31' title="bbox 610 2565 2593 2629; baseline -0.001 -15"><span class='ocrx_word' id='word_1_281' title='bbox 610 2567 785 2629; x_wconf 83' lang='lat' dir='ltr'><strong>Itaque</strong></span> <span class='ocrx_word' id='word_1_282' title='bbox 807 2567 1071 2614; x_wconf 82' lang='lat' dir='ltr'><strong>sententias</strong></span> <span class='ocrx_word' id='word_1_283' title='bbox 1092 2567 1197 2628; x_wconf 86' lang='lat' dir='ltr'><strong>ejus</strong></span> <span class='ocrx_word' id='word_1_284' title='bbox 1218 2565 1461 2614; x_wconf 87' lang='lat' dir='ltr'><strong>mordicus</strong></span> <span class='ocrx_word' id='word_1_285' title='bbox 1482 2566 1709 2622; x_wconf 83' lang='lat' dir='ltr'><strong>retinent,</strong></span> <span class='ocrx_word' id='word_1_286' title='bbox 1742 2581 1898 2628; x_wconf 89' lang='lat' dir='ltr'><strong>neque</strong></span> <span class='ocrx_word' id='word_1_287' title='bbox 1923 2582 2138 2628; x_wconf 90' lang='lat' dir='ltr'><strong>unquam</strong></span> <span class='ocrx_word' id='word_1_288' title='bbox 2168 2566 2434 2628; x_wconf 79' lang='lat' dir='ltr'><strong>patiuntur,</strong></span> <span class='ocrx_word' id='word_1_289' title='bbox 2467 2567 2593 2614; x_wconf 88' lang='lat' dir='ltr'><strong>veri-</strong></span> 
     </span>
     <span class='ocr_line' id='line_1_32' title="bbox 611 2629 2596 2693; baseline -0.001 -14"><span class='ocrx_word' id='word_1_290' title='bbox 611 2639 761 2679; x_wconf 87' lang='lat' dir='ltr'><strong>tatem</strong></span> <span class='ocrx_word' id='word_1_291' title='bbox 782 2631 1030 2678; x_wconf 86' lang='lat' dir='ltr'><strong>autoritati</strong></span> <span class='ocrx_word' id='word_1_292' title='bbox 1052 2631 1288 2693; x_wconf 84' lang='lat' dir='ltr'><strong>praeferri.</strong></span> <span class='ocrx_word' id='word_1_293' title='bbox 1358 2630 1485 2677; x_wconf 87' lang='lat' dir='ltr'><strong>Sed&#39;</strong></span> <span class='ocrx_word' id='word_1_294' title='bbox 1471 2641 1576 2692; x_wconf 75' lang='lat' dir='ltr'><strong>ipse</strong></span> <span class='ocrx_word' id='word_1_295' title='bbox 1601 2629 1922 2678; x_wconf 86' lang='lat' dir='ltr'><strong>Germanicus</strong></span> <span class='ocrx_word' id='word_1_296' title='bbox 1945 2647 2104 2678; x_wconf 90' lang='lat' dir='ltr'><strong>nonne</strong></span> <span class='ocrx_word' id='word_1_297' title='bbox 2127 2631 2243 2678; x_wconf 84' lang='lat' dir='ltr'><strong>satis</strong></span> <span class='ocrx_word' id='word_1_298' title='bbox 2264 2631 2393 2678; x_wconf 86' lang='lat' dir='ltr'><strong>cavit</strong></span> <span class='ocrx_word' id='word_1_299' title='bbox 2410 2631 2516 2678; x_wconf 84' lang='lat' dir='ltr'><strong>haec</strong></span> <span class='ocrx_word' id='word_1_300' title='bbox 2538 2632 2596 2678; x_wconf 89' lang='lat' dir='ltr'><strong>de</strong></span> 
     </span>
     <span class='ocr_line' id='line_1_33' title="bbox 608 2694 2594 2758; baseline -0.001 -14"><span class='ocrx_word' id='word_1_301' title='bbox 608 2697 777 2744; x_wconf 88' lang='lat' dir='ltr'><strong>dextro</strong></span> <span class='ocrx_word' id='word_1_302' title='bbox 798 2695 1023 2758; x_wconf 87' lang='lat' dir='ltr'><strong>intelligi,</strong></span> <span class='ocrx_word' id='word_1_303' title='bbox 1046 2711 1160 2742; x_wconf 88' lang='lat' dir='ltr'><strong>cum</strong></span> <span class='ocrx_word' id='word_1_304' title='bbox 1178 2694 1443 2758; x_wconf 81' lang='lat' dir='ltr'><strong>praejunxit</strong></span> <span class='ocrx_word' id='word_1_305' title='bbox 1469 2694 1650 2742; x_wconf 73' lang='lat' dir='ltr'><strong>Dextro</strong></span> <span class='ocrx_word' id='word_1_306' title='bbox 1668 2710 1872 2756; x_wconf 72' lang='lat' dir='ltr'><strong>namque</strong></span> <span class='ocrx_word' id='word_1_307' title='bbox 1887 2711 2012 2756; x_wconf 74' lang='lat' dir='ltr'><strong>yenu</strong></span> <span class='ocrx_word' id='word_1_308' title='bbox 2031 2700 2188 2743; x_wconf 69' lang='lat' dir='ltr'><strong>nixus.</strong></span> <span class='ocrx_word' id='word_1_309' title='bbox 2225 2695 2428 2742; x_wconf 88' lang='lat' dir='ltr'><strong>Constat</strong></span> <span class='ocrx_word' id='word_1_310' title='bbox 2447 2697 2594 2753; x_wconf 87' lang='lat' dir='ltr'><strong>enim,</strong></span> 
     </span>
     <span class='ocr_line' id='line_1_34' title="bbox 608 2759 2595 2822; baseline -0.001 -14"><span class='ocrx_word' id='word_1_311' title='bbox 608 2761 817 2810; x_wconf 85' lang='lat' dir='ltr'><strong>alterum</strong></span> <span class='ocrx_word' id='word_1_312' title='bbox 856 2775 961 2808; x_wconf 84' lang='lat' dir='ltr'><strong>esse</strong></span> <span class='ocrx_word' id='word_1_313' title='bbox 994 2760 1168 2822; x_wconf 89' lang='lat' dir='ltr'><strong>pedem</strong></span> <span class='ocrx_word' id='word_1_314' title='bbox 1204 2775 1299 2822; x_wconf 91' lang='lat' dir='ltr'><strong>quo</strong></span> <span class='ocrx_word' id='word_1_315' title='bbox 1334 2759 1520 2815; x_wconf 88' lang='lat' dir='ltr'><strong>nititur,</strong></span> <span class='ocrx_word' id='word_1_316' title='bbox 1559 2775 1706 2820; x_wconf 88' lang='lat' dir='ltr'><strong>quam</strong></span> <span class='ocrx_word' id='word_1_317' title='bbox 1743 2775 1840 2821; x_wconf 92' lang='lat' dir='ltr'><strong>quo</strong></span> <span class='ocrx_word' id='word_1_318' title='bbox 1874 2761 2103 2808; x_wconf 86' lang='lat' dir='ltr'><strong>verticem</strong></span> <span class='ocrx_word' id='word_1_319' title='bbox 2138 2760 2374 2820; x_wconf 88' lang='lat' dir='ltr'><strong>serpentis</strong></span> <span class='ocrx_word' id='word_1_320' title='bbox 2405 2761 2595 2822; x_wconf 87' lang='lat' dir='ltr'><strong>premit.</strong></span> 
     </span>
     <span class='ocr_line' id='line_1_35' title="bbox 610 2823 2598 2888; baseline -0.001 -15"><span class='ocrx_word' id='word_1_321' title='bbox 610 2826 784 2888; x_wconf 87' lang='lat' dir='ltr'><strong>Itaque</strong></span> <span class='ocrx_word' id='word_1_322' title='bbox 804 2825 1101 2873; x_wconf 87' lang='lat' dir='ltr'><strong>restituenda</strong></span> <span class='ocrx_word' id='word_1_323' title='bbox 1120 2824 1200 2872; x_wconf 90' lang='lat' dir='ltr'><strong>hic</strong></span> <span class='ocrx_word' id='word_1_324' title='bbox 1226 2824 1508 2872; x_wconf 87' lang='lat' dir='ltr'><strong>Germanici</strong></span> <span class='ocrx_word' id='word_1_325' title='bbox 1527 2823 1671 2871; x_wconf 91' lang='lat' dir='ltr'><strong>lectio</strong></span> <span class='ocrx_word' id='word_1_326' title='bbox 1693 2831 1830 2871; x_wconf 83' lang='lat' dir='ltr'><strong>vetus</strong></span> <span class='ocrx_word' id='word_1_327' title='bbox 1852 2832 1901 2871; x_wconf 89' lang='lat' dir='ltr'><strong>et</strong></span> <span class='ocrx_word' id='word_1_328' title='bbox 1922 2841 2046 2880; x_wconf 87' lang='lat' dir='ltr'><strong>vera,</strong></span> <span class='ocrx_word' id='word_1_329' title='bbox 2064 2825 2254 2873; x_wconf 89' lang='lat' dir='ltr'><strong>etiamsi</strong></span> <span class='ocrx_word' id='word_1_330' title='bbox 2268 2831 2435 2872; x_wconf 87' lang='lat' dir='ltr'><strong>contra</strong></span> <span class='ocrx_word' id='word_1_331' title='bbox 2457 2826 2598 2872; x_wconf 82' lang='lat' dir='ltr'><strong>Arati</strong></span> 
     </span>
     <span class='ocr_line' id='line_1_36' title="bbox 608 2889 2598 2952; baseline -0.001 -14"><span class='ocrx_word' id='word_1_332' title='bbox 608 2899 841 2948; x_wconf 90' lang='lat' dir='ltr'><strong>mentem,</strong></span> <span class='ocrx_word' id='word_1_333' title='bbox 879 2906 908 2937; x_wconf 92' lang='lat' dir='ltr'><strong>a</strong></span> <span class='ocrx_word' id='word_1_334' title='bbox 943 2905 1041 2952; x_wconf 91' lang='lat' dir='ltr'><strong>qua</strong></span> <span class='ocrx_word' id='word_1_335' title='bbox 1075 2889 1317 2937; x_wconf 88' lang='lat' dir='ltr'><strong>discedere</strong></span> <span class='ocrx_word' id='word_1_336' title='bbox 1356 2889 1650 2937; x_wconf 87' lang='lat' dir='ltr'><strong>Germanico</strong></span> <span class='ocrx_word' id='word_1_337' title='bbox 1671 2904 1770 2936; x_wconf 89' lang='lat' dir='ltr'><strong>non</strong></span> <span class='ocrx_word' id='word_1_338' title='bbox 1793 2895 1894 2936; x_wconf 87' lang='lat' dir='ltr'><strong>tam</strong></span> <span class='ocrx_word' id='word_1_339' title='bbox 1916 2890 2082 2937; x_wconf 88' lang='lat' dir='ltr'><strong>stricta</strong></span> <span class='ocrx_word' id='word_1_340' title='bbox 2101 2889 2288 2950; x_wconf 87' lang='lat' dir='ltr'><strong>religio,</strong></span> <span class='ocrx_word' id='word_1_341' title='bbox 2327 2897 2382 2936; x_wconf 89' lang='lat' dir='ltr'><strong>ut</strong></span> <span class='ocrx_word' id='word_1_342' title='bbox 2403 2897 2454 2936; x_wconf 90' lang='lat' dir='ltr'><strong>et</strong></span> <span class='ocrx_word' id='word_1_343' title='bbox 2473 2890 2598 2936; x_wconf 86' lang='lat' dir='ltr'><strong>infra</strong></span> 
     </span>
     <span class='ocr_line' id='line_1_37' title="bbox 609 2953 2594 3016; baseline -0.002 -12"><span class='ocrx_word' id='word_1_344' title='bbox 609 2956 906 3004; x_wconf 86' lang='lat' dir='ltr'><strong>docebimus.</strong></span> <span class='ocrx_word' id='word_1_345' title='bbox 972 2955 1101 3002; x_wconf 89' lang='lat' dir='ltr'><strong>Cum</strong></span> <span class='ocrx_word' id='word_1_346' title='bbox 1136 2955 1229 3002; x_wconf 90' lang='lat' dir='ltr'><strong>hac</strong></span> <span class='ocrx_word' id='word_1_347' title='bbox 1264 2953 1323 3000; x_wconf 92' lang='lat' dir='ltr'><strong>de</strong></span> <span class='ocrx_word' id='word_1_348' title='bbox 1360 2969 1412 3000; x_wconf 92' lang='lat' dir='ltr'><strong>re</strong></span> <span class='ocrx_word' id='word_1_349' title='bbox 1449 2968 1564 3000; x_wconf 86' lang='lat' dir='ltr'><strong>cum</strong></span> <span class='ocrx_word' id='word_1_350' title='bbox 1599 2960 1798 3016; x_wconf 88' lang='lat' dir='ltr'><strong>parente</strong></span> <span class='ocrx_word' id='word_1_351' title='bbox 1831 2969 1942 3000; x_wconf 92' lang='lat' dir='ltr'><strong>meo</strong></span> <span class='ocrx_word' id='word_1_352' title='bbox 1975 2954 2100 3001; x_wconf 88' lang='lat' dir='ltr'><strong>Jano</strong></span> <span class='ocrx_word' id='word_1_353' title='bbox 2135 2954 2306 3001; x_wconf 87' lang='lat' dir='ltr'><strong>Grotio</strong></span> <span class='ocrx_word' id='word_1_354' title='bbox 2329 2953 2594 3015; x_wconf 84' lang='lat' dir='ltr'><strong>fabularer;</strong></span> 
     </span>
     <span class='ocr_line' id='line_1_38' title="bbox 608 3018 2594 3082; baseline -0.001 -14"><span class='ocrx_word' id='word_1_355' title='bbox 608 3021 797 3082; x_wconf 87' lang='lat' dir='ltr'><strong>putavit</strong></span> <span class='ocrx_word' id='word_1_356' title='bbox 818 3027 957 3067; x_wconf 86' lang='lat' dir='ltr'><strong>vetus</strong></span> <span class='ocrx_word' id='word_1_357' title='bbox 980 3034 1084 3066; x_wconf 89' lang='lat' dir='ltr'><strong>esse</strong></span> <span class='ocrx_word' id='word_1_358' title='bbox 1122 3019 1176 3066; x_wconf 90' lang='lat' dir='ltr'><strong>in</strong></span> <span class='ocrx_word' id='word_1_359' title='bbox 1212 3019 1363 3066; x_wconf 87' lang='lat' dir='ltr'><strong>Arato</strong></span> <span class='ocrx_word' id='word_1_360' title='bbox 1387 3018 1621 3065; x_wconf 89' lang='lat' dir='ltr'><strong>mendum</strong></span> <span class='ocrx_word' id='word_1_361' title='bbox 1641 3025 1692 3066; x_wconf 92' lang='lat' dir='ltr'><strong>et</strong></span> <span class='ocrx_word' id='word_1_362' title='bbox 1711 3033 1905 3066; x_wconf 84' lang='lat' dir='ltr'><strong>versum</strong></span> <span class='ocrx_word' id='word_1_363' title='bbox 1928 3035 2083 3066; x_wconf 88' lang='lat' dir='ltr'><strong>unum</strong></span> <span class='ocrx_word' id='word_1_364' title='bbox 2109 3027 2158 3066; x_wconf 87' lang='lat' dir='ltr'><strong>et</strong></span> <span class='ocrx_word' id='word_1_365' title='bbox 2179 3018 2386 3066; x_wconf 86' lang='lat' dir='ltr'><strong>alterum</strong></span> <span class='ocrx_word' id='word_1_366' title='bbox 2410 3019 2594 3066; x_wconf 90' lang='lat' dir='ltr'><strong>deesse.</strong></span> 
     </span>
     <span class='ocr_line' id='line_1_39' title="bbox 610 3083 2598 3158; baseline 0 -27"><span class='ocrx_word' id='word_1_367' title='bbox 610 3084 784 3146; x_wconf 87' lang='lat' dir='ltr'><strong>Itaque</strong></span> <span class='ocrx_word' id='word_1_368' title='bbox 804 3084 950 3132; x_wconf 87' lang='lat' dir='ltr'><strong>hosce</strong></span> <span class='ocrx_word' id='word_1_369' title='bbox 972 3099 1139 3131; x_wconf 85' lang='lat' dir='ltr'><strong>versus</strong></span> <span class='ocrx_word' id='word_1_370' title='bbox 1160 3083 1283 3131; x_wconf 90' lang='lat' dir='ltr'><strong>mihi</strong></span> <span class='ocrx_word' id='word_1_371' title='bbox 1300 3083 1595 3158; x_wconf 83' lang='lat' dir='ltr'><strong>imaginatus</strong></span> <span class='ocrx_word' id='word_1_372' title='bbox 1613 3097 1738 3138; x_wconf 88' lang='lat' dir='ltr'><strong>sum,</strong></span> <span class='ocrx_word' id='word_1_373' title='bbox 1759 3098 1857 3130; x_wconf 89' lang='lat' dir='ltr'><strong>non</strong></span> <span class='ocrx_word' id='word_1_374' title='bbox 1876 3091 1977 3130; x_wconf 85' lang='lat' dir='ltr'><strong>tam</strong></span> <span class='ocrx_word' id='word_1_375' title='bbox 1993 3084 2119 3145; x_wconf 90' lang='lat' dir='ltr'><strong>quod</strong></span> <span class='ocrx_word' id='word_1_376' title='bbox 2140 3099 2305 3130; x_wconf 83' lang='lat' dir='ltr'><strong>revera</strong></span> <span class='ocrx_word' id='word_1_377' title='bbox 2325 3098 2405 3129; x_wconf 89' lang='lat' dir='ltr'><strong>eos</strong></span> <span class='ocrx_word' id='word_1_378' title='bbox 2428 3090 2598 3144; x_wconf 88' lang='lat' dir='ltr'><strong>putem</strong></span> 
     </span>
     <span class='ocr_line' id='line_1_40' title="bbox 608 3147 2596 3210; baseline -0.002 -12"><span class='ocrx_word' id='word_1_379' title='bbox 608 3149 792 3208; x_wconf 86' lang='lat' dir='ltr'><strong>deesse,</strong></span> <span class='ocrx_word' id='word_1_380' title='bbox 816 3164 963 3210; x_wconf 82' lang='lat' dir='ltr'><strong>quam</strong></span> <span class='ocrx_word' id='word_1_381' title='bbox 985 3164 1047 3196; x_wconf 92' lang='lat' dir='ltr'><strong>ne</strong></span> <span class='ocrx_word' id='word_1_382' title='bbox 1064 3151 1266 3197; x_wconf 85' lang='lat' dir='ltr'><strong>Aratum</strong></span> <span class='ocrx_word' id='word_1_383' title='bbox 1287 3148 1486 3196; x_wconf 88' lang='lat' dir='ltr'><strong>omnino</strong></span> <span class='ocrx_word' id='word_1_384' title='bbox 1501 3163 1530 3194; x_wconf 90' lang='lat' dir='ltr'><strong>a</strong></span> <span class='ocrx_word' id='word_1_385' title='bbox 1545 3148 1682 3196; x_wconf 89' lang='lat' dir='ltr'><strong>nobis</strong></span> <span class='ocrx_word' id='word_1_386' title='bbox 1700 3147 2005 3196; x_wconf 87' lang='lat' dir='ltr'><strong>indefensum</strong></span> <span class='ocrx_word' id='word_1_387' title='bbox 2022 3149 2421 3209; x_wconf 84' lang='lat' dir='ltr'><strong>relinqueremus.</strong></span> <span class='ocrx_word' id='word_1_388' title='bbox 2461 3147 2596 3208; x_wconf 84' lang='lat' dir='ltr'><strong>Ergo</strong></span> 
     </span>
     <span class='ocr_line' id='line_1_41' title="bbox 605 3209 2600 3294; baseline -0.001 -33"><span class='ocrx_word' id='word_1_389' title='bbox 605 3214 676 3261; x_wconf 87' lang='lat' dir='ltr'><strong>ita</strong></span> <span class='ocrx_word' id='word_1_390' title='bbox 694 3213 1045 3261; x_wconf 86' lang='lat' dir='ltr'><strong>restituendum</strong></span> <span class='ocrx_word' id='word_1_391' title='bbox 1062 3229 1286 3292; x_wconf 89' lang='lat' dir='ltr'><strong>propono</strong></span> <span class='ocrx_word' id='word_1_392' title='bbox 1293 3209 1616 3274; x_wconf 72' lang='grc' dir='ltr'>τ--Μὲσσῳδ’</span> <span class='ocrx_word' id='word_1_393' title='bbox 1639 3210 1888 3294; x_wconf 64' lang='grc' dir='ltr'><strong>ἐφύπερθε</strong></span> <span class='ocrx_word' id='word_1_394' title='bbox 1913 3210 2079 3294; x_wconf 80' lang='grc' dir='ltr'><strong>καρὴν</strong></span> <span class='ocrx_word' id='word_1_395' title='bbox 2145 3212 2404 3274; x_wconf 79' lang='grc' dir='ltr'><strong>Δεξιτεροῦ</strong></span> <span class='ocrx_word' id='word_1_396' title='bbox 2439 3210 2600 3268; x_wconf 80' lang='grc' dir='ltr'><strong>ποδὸς</strong></span> 
     </span>
     <span class='ocr_line' id='line_1_42' title="bbox 610 3231 2611 3358; baseline -0 -33"><span class='ocrx_word' id='word_1_397' title='bbox 610 3278 769 3342; x_wconf 80' lang='grc' dir='ltr'><strong>ἄκρον</strong></span> <span class='ocrx_word' id='word_1_398' title='bbox 790 3276 897 3340; x_wconf 80' lang='grc' dir='ltr'><strong>ἔχει</strong></span> <span class='ocrx_word' id='word_1_399' title='bbox 917 3275 1162 3358; x_wconf 83' lang='grc' dir='ltr'><strong>μεγάλοιο</strong></span> <span class='ocrx_word' id='word_1_400' title='bbox 1184 3275 1357 3339; x_wconf 72' lang='grc' dir='ltr'><strong>βοώτε</strong></span> <span class='ocrx_word' id='word_1_401' title='bbox 1380 3275 1684 3340; x_wconf 72' lang='grc' dir='ltr'><strong>Βεκέντροιο</strong></span> <span class='ocrx_word' id='word_1_402' title='bbox 1705 3275 1884 3334; x_wconf 75' lang='grc' dir='ltr'><strong>πέλας.</strong></span> <span class='ocrx_word' id='word_1_403' title='bbox 1899 3275 2068 3340; x_wconf 80' lang='grc' dir='ltr'>μέσσῳ</span> <span class='ocrx_word' id='word_1_404' title='bbox 2079 3231 2377 3340; x_wconf 51' lang='grc' dir='ltr'><em>ἒςῖεφύπερθε</em></span> <span class='ocrx_word' id='word_1_405' title='bbox 2403 3275 2611 3342; x_wconf 78' lang='grc' dir='ltr'>καρὴνῳ</span> 
     </span>
     <span class='ocr_line' id='line_1_43' title="bbox 609 3339 2600 3405; baseline -0.001 -16"><span class='ocrx_word' id='word_1_406' title='bbox 609 3341 886 3405; x_wconf 81' lang='grc' dir='ltr'><strong>Λαιυτεροῦ</strong></span> <span class='ocrx_word' id='word_1_407' title='bbox 930 3339 1090 3399; x_wconf 82' lang='grc' dir='ltr'><strong>ποδὸς</strong></span> <span class='ocrx_word' id='word_1_408' title='bbox 1124 3342 1285 3404; x_wconf 80' lang='grc' dir='ltr'><strong>ἄκρον</strong></span> <span class='ocrx_word' id='word_1_409' title='bbox 1322 3341 1428 3404; x_wconf 82' lang='grc' dir='ltr'><strong>ἔχει</strong></span> <span class='ocrx_word' id='word_1_410' title='bbox 1466 3340 1690 3390; x_wconf 81' lang='grc' dir='ltr'><strong>σκολιοῖο</strong></span> <span class='ocrx_word' id='word_1_411' title='bbox 1729 3340 2026 3405; x_wconf 75' lang='grc' dir='ltr'><strong>δράκοντος,</strong></span> <span class='ocrx_word' id='word_1_412' title='bbox 2069 3343 2139 3390; x_wconf 86' lang='lat' dir='ltr'><strong>Et</strong></span> <span class='ocrx_word' id='word_1_413' title='bbox 2171 3342 2321 3389; x_wconf 87' lang='lat' dir='ltr'><strong>videri</strong></span> <span class='ocrx_word' id='word_1_414' title='bbox 2356 3343 2510 3402; x_wconf 85' lang='lat' dir='ltr'><strong>possit</strong></span> <span class='ocrx_word' id='word_1_415' title='bbox 2541 3357 2600 3389; x_wconf 83' lang='lat' dir='ltr'><strong>ex</strong></span> 
     </span>
     <span class='ocr_line' id='line_1_44' title="bbox 608 3407 2597 3470; baseline 0 -16"><span class='ocrx_word' id='word_1_416' title='bbox 608 3422 783 3454; x_wconf 86' lang='lat' dir='ltr'><strong>vocum</strong></span> <span class='ocrx_word' id='word_1_417' title='bbox 804 3407 1121 3455; x_wconf 87' lang='lat' dir='ltr'><strong>similitudine</strong></span> <span class='ocrx_word' id='word_1_418' title='bbox 1145 3413 1288 3454; x_wconf 85' lang='lat' dir='ltr'><strong>natus</strong></span> <span class='ocrx_word' id='word_1_419' title='bbox 1311 3421 1465 3456; x_wconf 85' lang='lat' dir='ltr'><strong>error:</strong></span> <span class='ocrx_word' id='word_1_420' title='bbox 1502 3414 1552 3456; x_wconf 86' lang='lat' dir='ltr'><strong>et</strong></span> <span class='ocrx_word' id='word_1_421' title='bbox 1575 3423 1744 3455; x_wconf 86' lang='lat' dir='ltr'><strong>verum</strong></span> <span class='ocrx_word' id='word_1_422' title='bbox 1765 3415 1855 3467; x_wconf 90' lang='lat' dir='ltr'><strong>est,</strong></span> <span class='ocrx_word' id='word_1_423' title='bbox 1888 3408 2063 3470; x_wconf 88' lang='lat' dir='ltr'><strong>pedem</strong></span> <span class='ocrx_word' id='word_1_424' title='bbox 2088 3408 2326 3461; x_wconf 84' lang='lat' dir='ltr'><strong>dextrum,</strong></span> <span class='ocrx_word' id='word_1_425' title='bbox 2363 3421 2458 3466; x_wconf 91' lang='lat' dir='ltr'><strong>quo</strong></span> <span class='ocrx_word' id='word_1_426' title='bbox 2482 3407 2597 3454; x_wconf 89' lang='lat' dir='ltr'><strong>niti-</strong></span> 
     </span>
     <span class='ocr_line' id='line_1_45' title="bbox 608 3469 2600 3534; baseline -0.001 -15"><span class='ocrx_word' id='word_1_427' title='bbox 608 3479 703 3528; x_wconf 88' lang='lat' dir='ltr'><strong>tur,</strong></span> <span class='ocrx_word' id='word_1_428' title='bbox 740 3472 976 3532; x_wconf 84' lang='lat' dir='ltr'><strong>attingere</strong></span> <span class='ocrx_word' id='word_1_429' title='bbox 1013 3478 1159 3533; x_wconf 85' lang='lat' dir='ltr'><strong>caput</strong></span> <span class='ocrx_word' id='word_1_430' title='bbox 1192 3471 1562 3534; x_wconf 85' lang='lat' dir='ltr'><strong>arctophylacis,</strong></span> <span class='ocrx_word' id='word_1_431' title='bbox 1598 3478 1646 3519; x_wconf 86' lang='lat' dir='ltr'><strong>et</strong></span> <span class='ocrx_word' id='word_1_432' title='bbox 1685 3472 1911 3520; x_wconf 88' lang='lat' dir='ltr'><strong>baculum</strong></span> <span class='ocrx_word' id='word_1_433' title='bbox 1951 3473 2052 3520; x_wconf 86' lang='lat' dir='ltr'><strong>sive</strong></span> <span class='ocrx_word' id='word_1_434' title='bbox 2090 3469 2414 3534; x_wconf 80' lang='grc' dir='ltr'><strong>καλάυροπα.</strong></span> <span class='ocrx_word' id='word_1_435' title='bbox 2505 3471 2600 3518; x_wconf 88' lang='lat' dir='ltr'><strong>Sed</strong></span> 
     </span>
     <span class='ocr_line' id='line_1_46' title="bbox 607 3535 2598 3598; baseline -0.001 -14"><span class='ocrx_word' id='word_1_436' title='bbox 607 3536 715 3586; x_wconf 79' lang='lat' dir='ltr'><strong>haec</strong></span> <span class='ocrx_word' id='word_1_437' title='bbox 738 3541 901 3583; x_wconf 87' lang='lat' dir='ltr'><strong>nostra</strong></span> <span class='ocrx_word' id='word_1_438' title='bbox 922 3537 1125 3584; x_wconf 87' lang='lat' dir='ltr'><strong>somnia.</strong></span> <span class='ocrx_word' id='word_1_439' title='bbox 1195 3537 1366 3584; x_wconf 74' lang='lat' dir='ltr'><strong>Gnor.</strong></span> <span class='ocrx_word' id='word_1_440' title='bbox 1448 3536 1592 3584; x_wconf 83' lang='lat' dir='ltr'><strong>Laeva</strong></span> <span class='ocrx_word' id='word_1_441' title='bbox 1615 3552 1704 3598; x_wconf 89' lang='lat' dir='ltr'><strong>ego</strong></span> <span class='ocrx_word' id='word_1_442' title='bbox 1727 3537 1848 3586; x_wconf 90' lang='lat' dir='ltr'><strong>item</strong></span> <span class='ocrx_word' id='word_1_443' title='bbox 1871 3553 1931 3584; x_wconf 88' lang='lat' dir='ltr'><strong>ex</strong></span> <span class='ocrx_word' id='word_1_444' title='bbox 1965 3537 2164 3598; x_wconf 86' lang='lat' dir='ltr'><strong>Capella</strong></span> <span class='ocrx_word' id='word_1_445' title='bbox 2195 3536 2304 3595; x_wconf 85' lang='lat' dir='ltr'><strong>lego</strong></span> <span class='ocrx_word' id='word_1_446' title='bbox 2337 3535 2421 3583; x_wconf 86' lang='lat' dir='ltr'><strong>lib.</strong></span> <span class='ocrx_word' id='word_1_447' title='bbox 2445 3535 2598 3584; x_wconf 91' lang='lat' dir='ltr'><strong>VIII.</strong></span> 
     </span>
     <span class='ocr_line' id='line_1_47' title="bbox 610 3599 2599 3663; baseline -0.001 -15"><span class='ocrx_word' id='word_1_448' title='bbox 610 3600 669 3648; x_wconf 88' lang='lat' dir='ltr'><strong>de</strong></span> <span class='ocrx_word' id='word_1_449' title='bbox 693 3607 829 3662; x_wconf 86' lang='lat' dir='ltr'><strong>nupt.</strong></span> <span class='ocrx_word' id='word_1_450' title='bbox 855 3600 1030 3648; x_wconf 86' lang='lat' dir='ltr'><strong>Philol.</strong></span> <span class='ocrx_word' id='word_1_451' title='bbox 1055 3616 1165 3663; x_wconf 86' lang='lat' dir='ltr'><strong>pag.</strong></span> <span class='ocrx_word' id='word_1_452' title='bbox 1186 3601 1517 3648; x_wconf 82' lang='lat' dir='ltr'><strong>283.-SCH.</strong></span> <span class='ocrx_word' id='word_1_453' title='bbox 1519 3600 1798 3662; x_wconf 69' lang='lat' dir='ltr'><strong>—Fuqit</strong></span> <span class='ocrx_word' id='word_1_454' title='bbox 1817 3617 1864 3663; x_wconf 87' lang='lat' dir='ltr'><strong>g.</strong></span> <span class='ocrx_word' id='word_1_455' title='bbox 1907 3617 1996 3648; x_wconf 89' lang='lat' dir='ltr'><strong>err.</strong></span> <span class='ocrx_word' id='word_1_456' title='bbox 2023 3608 2210 3663; x_wconf 85' lang='lat' dir='ltr'><strong>typogr.</strong></span> <span class='ocrx_word' id='word_1_457' title='bbox 2253 3599 2400 3660; x_wconf 85' lang='lat' dir='ltr'><strong>(Ibid.</strong></span> <span class='ocrx_word' id='word_1_458' title='bbox 2404 3599 2424 3658; x_wconf 97' lang='lat'>)</span> <span class='ocrx_word' id='word_1_459' title='bbox 2459 3599 2599 3662; x_wconf 82' lang='lat' dir='ltr'><strong>Iaeva]</strong></span> 
     </span>
     <span class='ocr_line' id='line_1_48' title="bbox 607 3665 2600 3728; baseline -0.001 -14"><span class='ocrx_word' id='word_1_460' title='bbox 607 3681 659 3728; x_wconf 85' lang='lat' dir='ltr'><strong>g.</strong></span> <span class='ocrx_word' id='word_1_461' title='bbox 685 3667 811 3727; x_wconf 85' lang='lat' dir='ltr'><strong>conj.</strong></span> <span class='ocrx_word' id='word_1_462' title='bbox 836 3681 876 3715; x_wconf 89' lang='lat' dir='ltr'><strong>s.</strong></span> <span class='ocrx_word' id='word_1_463' title='bbox 908 3681 1031 3713; x_wconf 78' lang='lat' dir='ltr'><strong>saeva</strong></span> <span class='ocrx_word' id='word_1_464' title='bbox 1058 3665 1239 3727; x_wconf 86' lang='lat' dir='ltr'><strong>AFPg.</strong></span> <span class='ocrx_word' id='word_1_465' title='bbox 1274 3681 1423 3713; x_wconf 82' lang='lat' dir='ltr'><strong>scaeva</strong></span> <span class='ocrx_word' id='word_1_466' title='bbox 1446 3669 1475 3691; x_wconf 93' lang='lat'><strong>“</strong></span> <span class='ocrx_word' id='word_1_467' title='bbox 1500 3665 1764 3712; x_wconf 82' lang='lat' dir='ltr'><strong>Scriverius</strong></span> <span class='ocrx_word' id='word_1_468' title='bbox 1789 3681 1814 3712; x_wconf 88' lang='lat' dir='ltr'><strong>e</strong></span> <span class='ocrx_word' id='word_1_469' title='bbox 1839 3666 2015 3714; x_wconf 89' lang='lat' dir='ltr'><strong>Codice</strong></span> <span class='ocrx_word' id='word_1_470' title='bbox 2039 3665 2136 3726; x_wconf 85' lang='lat'>(?)”</span> <span class='ocrx_word' id='word_1_471' title='bbox 2155 3666 2202 3712; x_wconf 92' lang='lat' dir='ltr'><strong>b.</strong></span> <span class='ocrx_word' id='word_1_472' title='bbox 2239 3665 2334 3712; x_wconf 88' lang='lat' dir='ltr'><strong>Sed</strong></span> <span class='ocrx_word' id='word_1_473' title='bbox 2347 3680 2600 3726; x_wconf 86' lang='lat' dir='ltr'><strong>nunquam</strong></span> 
     </span>
     <span class='ocr_line' id='line_1_49' title="bbox 610 3729 2598 3793; baseline -0.001 -15"><span class='ocrx_word' id='word_1_474' title='bbox 610 3737 764 3780; x_wconf 86' lang='lat' dir='ltr'><strong>totum</strong></span> <span class='ocrx_word' id='word_1_475' title='bbox 788 3746 875 3793; x_wconf 89' lang='lat' dir='ltr'><strong>per</strong></span> <span class='ocrx_word' id='word_1_476' title='bbox 893 3733 1067 3791; x_wconf 67' lang='lat' dir='ltr'><strong>poema</strong></span> <span class='ocrx_word' id='word_1_477' title='bbox 1086 3730 1178 3778; x_wconf 90' lang='lat' dir='ltr'><strong>hoc</strong></span> <span class='ocrx_word' id='word_1_478' title='bbox 1200 3745 1301 3778; x_wconf 89' lang='lat' dir='ltr'><strong>voc.</strong></span> <span class='ocrx_word' id='word_1_479' title='bbox 1328 3745 1447 3777; x_wconf 89' lang='lat' dir='ltr'><strong>usus</strong></span> <span class='ocrx_word' id='word_1_480' title='bbox 1470 3736 1546 3777; x_wconf 87' lang='lat' dir='ltr'><strong>est</strong></span> <span class='ocrx_word' id='word_1_481' title='bbox 1571 3730 1907 3777; x_wconf 87' lang='lat' dir='ltr'><strong>Germanicus.</strong></span> <span class='ocrx_word' id='word_1_482' title='bbox 1981 3731 2274 3792; x_wconf 87' lang='lat' dir='ltr'><strong>Suspectum</strong></span> <span class='ocrx_word' id='word_1_483' title='bbox 2293 3737 2369 3776; x_wconf 88' lang='lat' dir='ltr'><strong>est</strong></span> <span class='ocrx_word' id='word_1_484' title='bbox 2385 3744 2534 3776; x_wconf 79' lang='lat' dir='ltr'><strong>scaeva</strong></span> <span class='ocrx_word' id='word_1_485' title='bbox 2549 3729 2598 3778; x_wconf 88' lang='lat' dir='ltr'><strong>h.</strong></span> 
     </span>
     <span class='ocr_line' id='line_1_50' title="bbox 613 3794 2080 3858; baseline 0 -16"><span class='ocrx_word' id='word_1_486' title='bbox 613 3798 654 3843; x_wconf 92' lang='lat'><strong>1.</strong></span> <span class='ocrx_word' id='word_1_487' title='bbox 678 3795 825 3842; x_wconf 82' lang='lat' dir='ltr'><strong>etiam</strong></span> <span class='ocrx_word' id='word_1_488' title='bbox 844 3801 1038 3858; x_wconf 87' lang='lat' dir='ltr'><strong>propter</strong></span> <span class='ocrx_word' id='word_1_489' title='bbox 1057 3795 1253 3842; x_wconf 88' lang='lat' dir='ltr'><strong>brevem</strong></span> <span class='ocrx_word' id='word_1_490' title='bbox 1275 3794 1512 3856; x_wconf 82' lang='lat' dir='ltr'><strong>syllabam</strong></span> <span class='ocrx_word' id='word_1_491' title='bbox 1533 3794 2080 3856; x_wconf 79' lang='lat' dir='ltr'><strong>praecedentem.-OR..</strong></span> 
     </span>
    </p>

    <p class='ocr_par' dir='ltr' id='par_1_8' title="bbox 675 3858 2274 3921">
     <span class='ocr_line' id='line_1_51' title="bbox 675 3858 2274 3921; baseline -0.001 -13"><span class='ocrx_word' id='word_1_492' title='bbox 675 3860 751 3908; x_wconf 84' lang='lat'><strong>70.</strong></span> <span class='ocrx_word' id='word_1_493' title='bbox 790 3859 887 3908; x_wconf 88' lang='lat' dir='ltr'><strong>Hic</strong></span> <span class='ocrx_word' id='word_1_494' title='bbox 909 3874 1077 3906; x_wconf 85' lang='lat' dir='ltr'><strong>versus</strong></span> <span class='ocrx_word' id='word_1_495' title='bbox 1102 3874 1230 3907; x_wconf 88' lang='lat' dir='ltr'><strong>nunc</strong></span> <span class='ocrx_word' id='word_1_496' title='bbox 1252 3859 1467 3921; x_wconf 86' lang='lat' dir='ltr'><strong>primum</strong></span> <span class='ocrx_word' id='word_1_497' title='bbox 1490 3859 1678 3906; x_wconf 85' lang='lat' dir='ltr'><strong>accedit</strong></span> <span class='ocrx_word' id='word_1_498' title='bbox 1699 3875 1727 3906; x_wconf 91' lang='lat' dir='ltr'><strong>e</strong></span> <span class='ocrx_word' id='word_1_499' title='bbox 1753 3861 1857 3906; x_wconf 88' lang='lat' dir='ltr'><strong>solo</strong></span> <span class='ocrx_word' id='word_1_500' title='bbox 1881 3860 1998 3906; x_wconf 90' lang='lat' dir='ltr'><strong>Cod.</strong></span> <span class='ocrx_word' id='word_1_501' title='bbox 2035 3858 2274 3906; x_wconf 79' lang='lat' dir='ltr'><strong>A.--0R.</strong></span> 
     </span>
    </p>

    <p class='ocr_par' dir='ltr' id='par_1_9' title="bbox 607 3923 2604 4036">
     <span class='ocr_line' id='line_1_52' title="bbox 672 3923 2604 3985; baseline -0.004 -11"><span class='ocrx_word' id='word_1_502' title='bbox 672 3924 780 3984; x_wconf 87' lang='lat'>(71-</span> <span class='ocrx_word' id='word_1_503' title='bbox 786 3923 886 3984; x_wconf 90' lang='grc'><strong>89.)</strong></span> <span class='ocrx_word' id='word_1_504' title='bbox 923 3924 1027 3971; x_wconf 87' lang='lat' dir='ltr'><strong>Hos</strong></span> <span class='ocrx_word' id='word_1_505' title='bbox 1050 3939 1216 3972; x_wconf 84' lang='lat' dir='ltr'><strong>versus</strong></span> <span class='ocrx_word' id='word_1_506' title='bbox 1244 3925 1443 3984; x_wconf 89' lang='lat' dir='ltr'><strong>(omisso</strong></span> <span class='ocrx_word' id='word_1_507' title='bbox 1460 3939 1507 3971; x_wconf 85' lang='lat' dir='ltr'><strong>v.</strong></span> <span class='ocrx_word' id='word_1_508' title='bbox 1533 3924 1630 3984; x_wconf 86' lang='lat'><strong>83.)</strong></span> <span class='ocrx_word' id='word_1_509' title='bbox 1666 3923 1896 3972; x_wconf 81' lang='lat' dir='ltr'><strong>exhibent</strong></span> <span class='ocrx_word' id='word_1_510' title='bbox 1917 3925 2041 3972; x_wconf 90' lang='lat' dir='ltr'><strong>Cdd.</strong></span> <span class='ocrx_word' id='word_1_511' title='bbox 2063 3923 2223 3970; x_wconf 88' lang='lat' dir='ltr'><strong>BEG.</strong></span> <span class='ocrx_word' id='word_1_512' title='bbox 2250 3929 2360 3985; x_wconf 87' lang='lat' dir='ltr'><strong>post</strong></span> <span class='ocrx_word' id='word_1_513' title='bbox 2380 3927 2604 3968; x_wconf 86' lang='lat' dir='ltr'><strong>nostrum</strong></span> 
     </span>
     <span class='ocr_line' id='line_1_53' title="bbox 607 3987 1576 4038; baseline -0.001 -2"><span class='ocrx_word' id='word_1_514' title='bbox 607 4005 653 4038; x_wconf 87' lang='lat' dir='ltr'><strong>v.</strong></span> <span class='ocrx_word' id='word_1_515' title='bbox 677 3991 756 4036; x_wconf 89' lang='grc'><strong>95.</strong></span> <span class='ocrx_word' id='word_1_516' title='bbox 790 3989 989 4036; x_wconf 84' lang='lat' dir='ltr'><strong>Habent</strong></span> <span class='ocrx_word' id='word_1_517' title='bbox 1007 3988 1099 4035; x_wconf 91' lang='lat' dir='ltr'><strong>hoc</strong></span> <span class='ocrx_word' id='word_1_518' title='bbox 1118 3988 1234 4036; x_wconf 79' lang='lat' dir='ltr'><strong>loco</strong></span> <span class='ocrx_word' id='word_1_519' title='bbox 1248 3987 1394 4035; x_wconf 89' lang='lat' dir='ltr'><strong>AFP.</strong></span> <span class='ocrx_word' id='word_1_520' title='bbox 1399 3988 1576 4036; x_wconf 76' lang='grc' dir='ltr'><strong>-ΟΒ,</strong></span> 
     </span>
    </p>

    <p class='ocr_par' dir='ltr' id='par_1_10' title="bbox 604 4048 2602 4180">
     <span class='ocr_line' id='line_1_54' title="bbox 674 4048 2602 4114; baseline -0.003 -11"><span class='ocrx_word' id='word_1_521' title='bbox 674 4053 753 4103; x_wconf 91' lang='grc'><strong>71.</strong></span> <span class='ocrx_word' id='word_1_522' title='bbox 792 4053 938 4101; x_wconf 80' lang='lat' dir='ltr'><strong>Clara</strong></span> <span class='ocrx_word' id='word_1_523' title='bbox 962 4053 1199 4102; x_wconf 75' lang='lat' dir='ltr'><strong>Ariadneo</strong></span> <span class='ocrx_word' id='word_1_524' title='bbox 1220 4059 1407 4100; x_wconf 79' lang='lat' dir='ltr'><strong>sacrata</strong></span> <span class='ocrx_word' id='word_1_525' title='bbox 1428 4057 1498 4099; x_wconf 76' lang='lat' dir='ltr'><strong>est</strong></span> <span class='ocrx_word' id='word_1_526' title='bbox 1533 4056 1640 4114; x_wconf 66' lang='lat' dir='ltr'><strong>igne</strong></span> <span class='ocrx_word' id='word_1_527' title='bbox 1677 4049 1877 4112; x_wconf 74' lang='lat' dir='ltr'><strong>corona]</strong></span> <span class='ocrx_word' id='word_1_528' title='bbox 1915 4051 2008 4100; x_wconf 88' lang='lat' dir='ltr'><strong>Vul</strong></span> <span class='ocrx_word' id='word_1_529' title='bbox 2013 4052 2128 4114; x_wconf 86' lang='lat' dir='ltr'><strong>gati,</strong></span> <span class='ocrx_word' id='word_1_530' title='bbox 2167 4053 2310 4100; x_wconf 76' lang='lat' dir='ltr'><strong>Clara</strong></span> <span class='ocrx_word' id='word_1_531' title='bbox 2343 4048 2602 4099; x_wconf 64' lang='lat' dir='ltr'><strong>Ariadnae</strong></span> 
     </span>
     <span class='ocr_line' id='line_1_55' title="bbox 604 4115 2601 4180; baseline -0.002 -15"><span class='ocrx_word' id='word_1_532' title='bbox 604 4121 824 4180; x_wconf 75' lang='lat' dir='ltr'><strong>proprius</strong></span> <span class='ocrx_word' id='word_1_533' title='bbox 862 4123 991 4165; x_wconf 77' lang='lat' dir='ltr'><strong>stant</strong></span> <span class='ocrx_word' id='word_1_534' title='bbox 1026 4120 1161 4179; x_wconf 74' lang='lat' dir='ltr'><strong>siyna</strong></span> <span class='ocrx_word' id='word_1_535' title='bbox 1198 4133 1389 4165; x_wconf 73' lang='lat' dir='ltr'><strong>coroner.</strong></span> <span class='ocrx_word' id='word_1_536' title='bbox 1458 4117 1713 4174; x_wconf 83' lang='lat' dir='ltr'><strong>Manilius,</strong></span> <span class='ocrx_word' id='word_1_537' title='bbox 1736 4116 1795 4164; x_wconf 91' lang='lat' dir='ltr'><strong>V.</strong></span> <span class='ocrx_word' id='word_1_538' title='bbox 1822 4117 1933 4173; x_wconf 89' lang='grc'><strong>250,</strong></span> <span class='ocrx_word' id='word_1_539' title='bbox 1968 4117 2192 4166; x_wconf 74' lang='lat' dir='ltr'><strong>tollentur</strong></span> <span class='ocrx_word' id='word_1_540' title='bbox 2211 4116 2271 4163; x_wconf 85' lang='lat' dir='ltr'><strong>ab</strong></span> <span class='ocrx_word' id='word_1_541' title='bbox 2293 4115 2432 4163; x_wconf 74' lang='lat' dir='ltr'><strong>undis</strong></span> <span class='ocrx_word' id='word_1_542' title='bbox 2459 4116 2601 4162; x_wconf 84' lang='lat' dir='ltr'><strong>Clara</strong></span> 
     </span>
    </p>
   </div>
  </div>
 </body>
</html>
