2992 4842
575 586 666 652 32
1377 604 1773 652 sannanim
1810 625 1853 660 a

577 745 724 812 dem
762 744 1142 824 insomnem,
1193 745 1348 812 dum
1387 771 1428 812 a
1466 747 1511 812 J
1510 769 1727 812 unone
1776 747 1859 813 ad
1910 747 2327 814 custodienda
2376 771 2572 814 aurea

575 833 746 898 mala
785 844 953 898 esset
992 832 1404 911 constitutus,
1447 832 1793 912 Hercules,
1842 856 1989 899 cum
2034 834 2119 898 ad
2163 835 2332 899 mala
2376 859 2571 900 aurea

574 917 899 1004 profectus
925 917 1174 996 fuisset,
1215 929 1292 984 ut
1323 919 1522 984 refert
1552 917 1859 1005 Panyasis
1879 920 1951 983 in
1983 918 2321 998 Heraclea,
2362 921 2569 986 fertur

575 1004 920 1089 peremisse
945 1029 962 1082 ς
1011 1014 1079 1069 et
1099 1003 1334 1070 idcirco
1363 1005 1537 1070 inter
1564 1014 1737 1070 astra
1767 1004 2026 1090 Jupiter
2063 1005 2239 1070 hunc
2283 1007 2568 1071 laborem

574 1090 882 1154 memoria
909 1089 1174 1174 dignum
1201 1091 1570 1168 honorasse,
1612 1102 1682 1156 et
1710 1103 2019 1176 utrosque
2046 1092 2363 1156 sideribus
2392 1093 2569 1156 intu-

574 1174 744 1254 lisse,
767 1175 862 1240 ita
881 1187 958 1242 ut
977 1177 1046 1241 in
1069 1177 1418 1242 certamine
1439 1177 1681 1242 fuerint
1703 1198 1928 1242 eorum
1946 1177 2231 1256 habitus,
2252 1179 2567 1262 serpentis

575 1261 784 1346 capite
826 1263 964 1347 jam
1013 1261 1300 1341 defect03
1345 1263 1462 1347 qui
1511 1262 1658 1327 ideo
1702 1262 1773 1326 in
1812 1284 1989 1346 genu
2028 1274 2227 1342 stans,
2272 1265 2569 1328 manibus

575 1369 830 1412 sursum
861 1348 1166 1426 extensis,
1197 1348 1430 1413 dextro
1459 1349 1624 1433 pede
1658 1359 1881 1414 contra
1910 1349 2247 1414 draconem
2273 1361 2567 1434 porrecto

619 1432 886 1516 ingitur‚
919 1446 994 1498 ut
1023 1435 1384 1500 certaminis
1413 1435 1595 1499 labor
1625 1433 2041 1517 significetur.
2133 1435 2291 1500 Ideo
2328 1435 2567 1519 pellem

601 1518 779 1584 conis
805 1519 876 1584 in
907 1519 1164 1584 sinistra
1190 1541 1389 1586 manu
1417 1519 1653 1585 habere
1683 1521 1973 1604 fingitur,
2003 1532 2079 1584 ut
2094 1520 2347 1606 insigne
2364 1522 2568 1586 virtu-

573 1603 660 1668 tis
676 1615 1092 1684 monstretur,
1111 1605 1264 1690 quia
1279 1606 1532 1670 leonem
1552 1606 1816 1671 inermis
1836 1605 2231 1672 interfecisse
2242 1618 2560 1674 narratur.

578 1688 802 1756 Habet
851 1701 1068 1756 autem
1113 1691 1350 1770 stellas,
1391 1692 1462 1756 in
1500 1692 1709 1777 capite
1762 1713 1980 1770 unam,
2019 1692 2091 1756 in
2124 1693 2390 1776 singulis
2441 1693 2567 1757 hu-

573 1777 766 1842 meris
817 1775 1100 1862 singulas
1134 1777 1521 1862 splendidas,
1558 1777 1631 1841 in
1670 1776 1931 1842 sinistro
1968 1777 2191 1842 cubito
2231 1801 2450 1857 unam,
2490 1780 2565 1843 in

575 1862 796 1928 eadem
825 1885 1024 1928 manu
1051 1885 1271 1941 unam,
1301 1863 1372 1928 in
1401 1863 1625 1928 eodem
1654 1862 1916 1927 brachio
1955 1885 2171 1942 unam,
2202 1864 2273 1928 in
2304 1865 2563 1929 sinistro

573 1947 815 2014 femore
828 1970 1054 2027 unam3
1078 1949 1149 2012 in
1167 1949 1398 2014 dextra
1419 1961 1603 2034 parte
1622 1948 1879 2014 femoris
1898 1949 2081 2027 duas,
2104 1950 2175 2012 in
2194 1972 2361 2014 coxa
2380 1950 2563 2028 duas,

571 2034 644 2098 in
673 2056 846 2118 genu
875 2034 1111 2099 dextro
1137 2056 1356 2113 unam,
1411 2034 1480 2100 in
1522 2035 1745 2100 eadem
1792 2034 1953 2099 tibia
2010 2057 2222 2113 unam,
2275 2035 2346 2100 in
2374 2057 2561 2100 crure

575 2120 756 2198 duas,
801 2119 871 2184 in
899 2121 1124 2186 eodem
1151 2121 1316 2205 pede
1345 2143 1565 2198 unam,
1608 2120 1680 2184 in
1720 2119 1953 2185 dextra
1988 2142 2187 2185 manu
2224 2142 2444 2200 unam,
2489 2122 2562 2186 in

573 2205 768 2284 clava,
799 2228 994 2291 quam
1023 2206 1246 2272 eadem
1275 2217 1456 2271 tenet
1483 2228 1703 2283 manu,
1742 2227 1963 2284 unam,
2002 2205 2073 2270 in
2100 2207 2357 2272 leonina
2392 2205 2562 2292 pelle

575 2302 872 2377 quatuor.
965 2292 1137 2356 Sunt
1165 2315 1385 2358 omnes
1411 2291 1641 2377 viginti
1670 2302 1975 2376 quatuor.

664 2376 828 2442 Haec
853 2399 1085 2444 corona
1113 2378 1346 2443 dicitur
1384 2401 1519 2442 esse
1552 2377 1895 2454 Ariadnes,
1927 2399 2123 2462 quam
2152 2376 2352 2442 Liber
2374 2380 2561 2445 astris

573 2463 866 2530 intulisse
893 2463 1148 2543 dicitur,
1179 2465 1333 2530 dum
1363 2463 1505 2549 ejus
1534 2463 1795 2548 nuptias
1822 2462 1915 2528 dii
1928 2463 1999 2527 in
2014 2463 2227 2528 insula
2248 2463 2442 2530 Creta
2456 2488 2561 2530 ce-

573 2549 918 2628 lebrarent,
965 2550 1252 2634 cogitans
1301 2549 1672 2634 praeclaram
1716 2548 1944 2624 facere,
1976 2570 2093 2633 pro
2122 2573 2253 2635 qua
2279 2551 2559 2634 primum

573 2657 740 2700 nova
765 2646 974 2720 nupta
998 2645 1296 2700 coronata
1325 2645 1444 2701 est.
1537 2634 1667 2698 Sed
1712 2634 1829 2720 qui
1874 2633 2127 2700 Cretica
2164 2637 2558 2721 conscripsit,

575 2720 797 2798 refert,
847 2721 1000 2806 quia
1043 2744 1188 2786 cum
1222 2720 1421 2786 Liber
1449 2722 1533 2786 ad
1562 2720 1855 2785 Minoem
1901 2742 2117 2804 regem
2145 2721 2444 2800 venisset,
2486 2735 2565 2788 ut

577 2806 928 2871 Ariadnem
974 2806 1172 2872 filiam
1217 2808 1356 2872 e'us
1401 2807 1667 2872 duceret
1706 2828 2001 2884 uxorem,
2046 2829 2347 2872 coronam
2393 2809 2563 2873 dono

577 2892 883 2958 Ariadnae
912 2892 1158 2958 dedisse
1267 2893 1476 2958 ulcani
1504 2915 1695 2978 opere
1723 2892 1955 2957 factam
1986 2915 2073 2956 ex
2101 2915 2259 2958 auro
2289 2904 2358 2958 et
2385 2916 2563 2977 gem-

574 2979 698 3043 mis
742 2979 1067 3063 preciosis,
1099 2990 1167 3044 et
1196 2979 1342 3044 talis
1372 2979 1641 3064 fulgoris
1668 2977 1815 3055 fuit,
1846 2989 1924 3042 ut
1952 2975 2203 3044 Thesea
2231 3002 2319 3043 ex
2348 2979 2566 3066 Laby-

576 3064 792 3129 rintho
811 3064 1135 3142 liberaret,
1163 3087 1312 3150 quae
1337 3076 1485 3150 post
1500 3065 1686 3130 astris
1706 3063 1903 3129 affixa
1924 3073 2043 3142 est,
2062 3086 2209 3128 cum
2224 3065 2295 3129 in
2320 3066 2563 3130 Naxon

575 3150 840 3234 utrique
868 3151 1215 3216 venissent.
1303 3150 1605 3235 (Signum
1634 3151 1865 3215 amoris
1912 3151 2051 3235 ejus
2094 3151 2303 3214 crines
2348 3163 2563 3216 osten-

575 3236 761 3313 dunt,
793 3248 860 3301 et
889 3247 988 3300 est
1013 3237 1214 3301 stellis
1239 3236 1639 3321 fulgentibus
1668 3236 1788 3300 sub
1834 3235 2035 3300 cauda
2072 3234 2334 3302 Leonis.
2424 3236 2565 3301 Ha-

573 3322 688 3385 bet
715 3332 932 3386 autem
963 3321 1178 3388 stellas
1207 3345 1436 3388 novem
1463 3323 1533 3388 in
1562 3322 1834 3386 circuitu
1852 3322 2113 3406 positaS,
2137 3344 2411 3406 quarum
2432 3335 2567 3388 tres

573 3418 728 3471 sunt
757 3407 1157 3493 splendidae.)

663 3491 793 3556 Hic
825 3503 922 3556 est
954 3492 1422 3578 Serpentarius,
1455 3493 1570 3579 qui
1598 3514 1791 3577 super
1824 3491 2239 3578 Scorpionem
2266 3503 2418 3570 stat,
2467 3503 2567 3557 te-

575 3601 734 3643 nens
763 3591 1039 3664 utraque
1070 3601 1266 3644 manu
1296 3591 1685 3666 serpentem,
1716 3579 1830 3662 qui
1858 3579 1938 3644 ab
1966 3579 2299 3663 astrologis
2328 3579 2563 3643 dicitur

572 3665 770 3731 fuisse
800 3663 1236 3751 AEsculapiuS,
1264 3665 1436 3729 filius
1465 3665 1827 3749 Apollinis3
1876 3665 1990 3749 qui
2034 3686 2182 3729 cum
2228 3664 2563 3728 medicinae

574 3762 711 3816 arte
741 3761 1058 3829 uteretur,
1105 3761 1392 3815 mortuos
1419 3751 1626 3817 fertur
1670 3750 2028 3816 suscitasse.
2120 3749 2563 3816 Quamobrem

573 3838 776 3902 iratus
814 3837 886 3904 in
924 3859 1073 3902 eum
1124 3836 1382 3922 Jupiter
1420 3837 1680 3902 domum
1727 3837 1784 3922 ej
1796 3859 1869 3900 us
1913 3837 2054 3922 ipso
2092 3835 2381 3901 fulminis
2426 3836 2564 3900 ictu

572 3922 907 4008 percussit.
998 3922 1264 4007 Rogata
1309 3935 1527 3988 autem
1579 3921 1905 4006 Apollinis
1948 3923 2149 4006 patris
2196 3922 2454 4006 Jupiter
2504 3921 2565 3985 ei

573 4019 710 4072 arte
741 4031 859 4073 sua
884 4019 1106 4076 rursus
1133 4020 1280 4094 post
1309 4009 1558 4073 obitum
1581 4008 1883 4073 defuncto
1906 4009 2184 4072 animam
2206 4008 2563 4072 restituisse

573 4094 655 4159 ad
687 4093 908 4172 vitam,
951 4106 1017 4160 et
1061 4095 1233 4160 inter
1287 4105 1458 4160 astra
1500 4094 1904 4159 constituisse
1957 4104 2244 4178 putatur.
2339 4093 2562 4158 Habet
