2992 4842
505 581 616 632 cxiv
1313 598 1468 634 norm
1495 599 1700 634 saevas

505 719 554 761 et
577 711 756 760 Latina
779 713 1017 776 corrigere
1035 721 1110 762 est
1131 713 1337 778 legendo
1357 719 1428 763 ita
1449 730 1537 780 pro
1558 721 1625 764 ut.
1674 713 1826 764 Extat
1848 717 1959 781 ’Ao’
1976 713 2183 774 Ἑστίας
2204 716 2496 782 ἀρχόμενος

503 777 558 826 in
590 777 839 842 Aristoph.
873 777 1025 842 Vesp.
1061 780 1345 828 848.”-G.
1361 780 1423 828 B.
1489 779 1673 844 (Ibid.)
1712 780 1945 844 Sophron.
1970 781 2025 830 in
2042 782 2217 841 Mimo,
2240 785 2325 846 qui
2348 783 2397 830 N
2403 799 2493 832 un-

507 843 612 892 cius
635 841 936 906 inscribitur]
973 847 1008 872 ‘⁶
1023 843 1178 892 Nulla
1210 844 1362 907 hujus
1402 845 1549 894 Mimi
1570 845 1753 894 mentio
1772 845 1900 892 facta
1919 853 1993 894 est
2023 846 2315 896 Blomfieldo
2336 864 2495 912 neque

505 909 560 956 in
582 907 751 956 Diario
774 907 1005 966 Classico,
1030 908 1095 957 N.
1113 911 1160 966 3,
1177 925 1334 972 neque
1356 909 1410 958 in
1431 911 1609 958 Museo
1634 911 1833 967 Critico,
1856 910 1924 959 N.
1944 912 1971 960 7
1976 910 2156 960 .”-G.
2177 912 2237 961 Β.
2306 911 2491 979 (Ibat.)

507 972 766 1022 Philonem
812 971 1093 1036 comicum]
1141 976 1176 1002 ‘⁶
1197 975 1332 1038 Lege
1375 973 1679 1037 Philemona,
1722 976 1851 1040 qnod
1885 977 2119 1041 precepit
2158 977 2391 1028 Meineke
2433 981 2497 1030 ad

505 1037 780 1086 Philemon.
811 1053 859 1100 p.
881 1039 1160 1086 39222—0.
1180 1039 1244 1087 Β.

569 1101 694 1164 Pay.
713 1104 792 1151 30.
827 1102 923 1152 Dei
959 1103 1123 1166 igitur,
1161 1103 1278 1167 δια]
1327 1104 1359 1152 i.
1381 1120 1427 1152 e.
1468 1103 1567 1152 Dei
1603 1105 1809 1166 officium
1846 1105 1948 1153 sive
1985 1121 2087 1154 mos
2121 1113 2195 1154 est
2230 1107 2283 1154 in
2318 1108 2497 1158 delicta

507 1167 672 1216 lenem
691 1184 744 1216 se
765 1169 993 1231 prebere.
1065 1168 1255 1233 (Ima.)
1309 1169 1519 1218 Arctum
1562 1171 1722 1219 emixa
1766 1167 1864 1232 est]
1912 1170 2131 1218 Pessime
2164 1172 2219 1220 in
2256 1173 2349 1220 hoc
2382 1175 2493 1222 loco

509 1231 802 1288 Scholisstes
848 1233 1224 1282 Eratosthenem
1265 1234 1637 1298 interpretatum
1675 1236 1880 1284 Graecus
1900 1243 2069 1284 auctor
2100 1237 2208 1286 haec
2230 1237 2373 1286 dicit:
2410 1240 2497 1288 καὶ

508 1295 670 1354 οὕτως
713 1299 894 1358 τεκεῖν,
920 1295 1146 1362 ’Ἄρκτον
1184 1297 1488 1364 γενομένην,
1533 1299 1627 1348 τὸν
1662 1297 1921 1358 κληθέντα
1956 1298 2192 1366 Ἀρκάδα,
2230 1310 2372 1365 atque
2406 1307 2495 1362 ita,

505 1379 670 1413 ursam
690 1364 894 1424 sadum,
919 1365 1090 1426 filium
1110 1380 1248 1428 quem
1269 1365 1496 1413 Arcadem
1515 1366 1758 1428 appellant
1786 1369 2035 1428 peperisse.
2106 1365 2297 1430 (lbra.)
2334 1369 2499 1418 Habet

507 1435 673 1478 autem
709 1428 894 1486 stellas,
927 1429 1044 1488 δια]
1084 1429 1409 1478 Consentiunt
1439 1430 1521 1478 hic
1558 1429 1851 1478 scholiastes
1869 1436 1918 1478 et
1937 1430 2285 1480 Eratosthenes
2312 1433 2372 1482 de
2394 1440 2495 1482 toto

506 1508 712 1542 numero
746 1493 1018 1554 stellarum,
1053 1494 1114 1544 de
1131 1493 1448 1548 collocatione
1481 1509 1652 1544 earum
1671 1495 1859 1543 diversa
1878 1503 2088 1544 narrant.
2154 1495 2297 1546 Idem
2312 1498 2367 1546 in
2386 1499 2497 1548 aliis

507 1558 746 1608 sideribus
767 1559 1049 1606 notandum.

572 1622 699 1688 Paq.
721 1625 800 1672 31.
847 1623 1012 1674 Quam
1057 1623 1261 1672 Sidones
1313 1621 1626 1686 aspicientes]
1684 1627 1715 1652 “
1732 1623 1813 1672 Sic
1854 1629 1905 1672 et
1946 1624 2088 1673 Ovid.
2132 1626 2265 1676 Fast.
2308 1625 2498 1689 Mayna

508 1690 752 1752 mitiorque
773 1689 913 1748 seres,
939 1703 1142 1752 quarum
1161 1692 1284 1750 reyis
1305 1687 1457 1736 altera
1481 1689 1672 1746 Graias,
1694 1687 1860 1738 Altera
1882 1689 2115 1749 Sidonias,
2134 1697 2334 1756 utraque
2352 1695 2495 1751 sicca,

508 1754 819 1803 ’πίεσθ’-6.
840 1753 897 1801 Β.
969 1752 1152 1816 (lbid.)
1205 1751 1460 1816 Asiaticis]
1496 1753 1779 1818 “Hyginus
1815 1753 2151 1816 Aylaosthenes
2186 1761 2269 1820 qui
2304 1756 2497 1805 Naxica

508 1820 714 1880 scripsit.
785 1817 1128 1867 Eratosthenes
1163 1834 1356 1881 quoque
1395 1817 1779 1882 Ἀγλαοσθένης
1810 1817 1867 1866 ἑν
1900 1821 2011 1876 τοῖς
2046 1821 2304 1878 Natta-019.
2372 1821 2497 1870 Inde

511 1883 676 1946 colligi
699 1889 859 1947 potest
892 1880 958 1931 τα“
983 1881 1181 1939 Ναξικὰ
1201 1899 1307 1932 esse
1325 1883 1614 1946 particulam
1650 1887 1755 1932 τῶν
1774 1883 2079 1933 Ἀσιατικῶν
2098 1901 2185 1934 sen
2206 1887 2369 1950 potius
2390 1887 2497 1934 τῶν

512 1949 1027 2007 Νησωτικῶν.”-Θ.
1052 1949 1108 1996 Β.
1177 1947 1272 1996 Pro
1311 1948 1683 2012 Aqathosthenes
1721 1948 1829 2011 lege
1866 1950 1921 1997 in
1963 1957 2102 1998 textu
2144 1951 2499 2013 Aqlaostkeneu

514 2011 700 2076 (lma.)
734 2021 782 2062 et
803 2014 1016 2062 maxime
1053 2012 1228 2076 altera]
1265 2013 1627 2062 Schaubachius
1648 2014 1701 2061 in
1722 2015 1849 2062 notis
1887 2013 2008 2077 legit
2038 2019 2263 2064 maxima.
2328 2017 2497 2080 (Ibid.)

509 2077 726 2128 flexuoso
761 2078 983 2142 corpore]
1018 2079 1260 2127 Videntur
1291 2079 1414 2127 mihi
1433 2079 1515 2127 hae
1536 2094 1677 2127 voces
1697 2079 1751 2126 in
1776 2080 1935 2142 priore
1972 2078 2079 2128 loco
2118 2080 2367 2138 delendae3
2402 2098 2495 2130 nec

509 2144 644 2191 enim
687 2143 946 2207 quicquam
979 2145 1040 2192 ad
1083 2159 1279 2192 sensum
1323 2144 1599 2206 proficiunt,
1636 2150 1686 2191 et
1722 2151 1824 2192 tam
1866 2145 2086 2207 proxime
2126 2153 2394 2205 recurrunt,
2440 2154 2497 2195 ut

509 2218 678 2257 contra
707 2224 874 2257 aurem
912 2209 1117 2272 legentis
1155 2207 1414 2257 offendmt.
1485 2207 1676 2271 (md.)
1711 2209 1788 2256 Ob
1820 2210 2108 2258 memoriam
2140 2211 2334 2258 virtutis
2370 2211 2496 2260 Her·

507 2273 657 2336 culis]
699 2275 908 2322 “Locus
944 2274 1185 2336 explicatu
1208 2273 1418 2322 difficilis
1439 2281 1488 2322 et
1508 2274 1709 2322 fortasse
1742 2273 1963 2322 mutilus.
2030 2275 2211 2323 Confer
2234 2275 2418 2340 Hygin.
2442 2278 2495 2325 in

511 2338 732 2402 Serpent.
754 2338 993 2386 Nonnulli
1016 2340 1241 2387 dixerunt
1259 2339 1392 2388 hunc
1413 2339 1691 2387 Draconem
1710 2355 1740 2386 a
1764 2339 2057 2400 Gigantibus
2079 2339 2317 2389 Minervae
2340 2342 2496 2403 objec-

511 2411 616 2451 tum
655 2419 778 2464 esse,
821 2419 934 2452 cum
971 2419 1052 2452 eos
1090 2412 1416 2467 oppugnaret:
1469 2403 1748 2451 Minervam
1784 2419 1896 2459 vero
1934 2411 2181 2468 arreptum
2216 2405 2495 2454 Draconem

509 2474 785 2516 contortum
818 2468 879 2515 ad
915 2469 1073 2516 sidera
1089 2470 1368 2532 jecisse.”—
1385 2469 1446 2516 G.
1466 2469 1528 2517 B.
1598 2467 1779 2531 (Ibid.)
1818 2469 1876 2516 ab
1909 2468 2144 2532 invicem]
2195 2470 2377 2518 Utrum
2414 2472 2495 2520 hic

509 2533 655 2581 scribi
689 2539 908 2596 oporteat
939 2534 1000 2582 ab
1037 2550 1084 2581 se
1116 2535 1332 2593 invicem,
1369 2534 1575 2597 ignoro:
1622 2549 1739 2581 nam
1773 2533 2026 2582 Vitruvius
2063 2550 2163 2583 non
2196 2536 2434 2585 dubitavit
2464 2553 2496 2584 α

501 2613 724 2712 pgeyget·
732 2598 954 2657 scribere,
995 2599 1125 2662 quod
1164 2609 1329 2648 tamen
1367 2600 1531 2648 minus
1566 2598 1785 2658 fortasse,
1822 2613 1969 2662 quam
2004 2599 2064 2647 ab
2099 2601 2315 2660 invicem,
2354 2617 2497 2650 aures

508 2678 538 2711 ο
575 2679 635 2710 en
669 2679 686 2712 1

581 2726 698 2791 Paq.
714 2729 796 2776 32.
831 2728 962 2779 Quia
982 2743 1096 2777 cum
1120 2727 1293 2792 Liber]
1330 2727 1693 2776 Schaubachius
1730 2729 1912 2776 omittit
1946 2744 2053 2776 cum
2069 2746 2085 2776 .-
2120 2730 2320 2778 mallem
2356 2730 2495 2794 equi-

507 2792 621 2840 dem
663 2797 778 2858 quia
818 2794 1077 2852 omisisset,
1124 2809 1234 2856 quae
1277 2809 1370 2842 vox
1410 2794 1575 2841 minus
1617 2793 1741 2840 mihi
1782 2800 1895 2856 apta
1934 2795 2141 2854 videtur,
2192 2811 2307 2844 cum
2350 2797 2497 2845 modo

507 2859 817 2921 subjunctivo
839 2863 1036 2908 uenisset
1061 2859 1333 2921 conjuncta.

576 2927 695 2986 Paq.
710 2924 793 2972 33.
826 2921 1421 2986 Chelippio—Celsionio]
1467 2920 1624 2970 “Vox
1659 2928 1863 2984 utraque
1898 2929 1971 2971 est
2006 2923 2209 2971 fortasse
2244 2925 2491 2974 mendosa.

511 2987 837 3036 Eratosthene
877 2995 1000 3036 teste
1034 3004 1176 3036 mons
1210 2989 1304 3036 fuit
1344 2985 1567 3045 Κολώνη
1604 2986 1904 3036 nomine.'’—
1920 2988 1986 3036 G.
2006 2989 2068 3037 B.
2135 2989 2497 3038 Schaubachius

507 3051 630 3114 legit
666 3062 821 3102 monte
857 3054 992 3102 celso.
1062 3052 1240 3114 (lbid.)
1271 3053 1476 3100 irridens
1509 3052 1740 3110 Dianam,
1766 3051 1886 3115 δια]
1924 3055 1959 3080 “
1980 3052 2161 3102 Haereo
2182 3054 2236 3100 in
2256 3054 2498 3104 locutione

509 3118 996 3180 que—constituebat.
1078 3117 1225 3168 Quod
1261 3118 1322 3165 ad
1359 3134 1436 3166 res
1473 3126 1687 3165 narratas
1726 3118 1913 3176 attinet,
1954 3119 2121 3166 confer
2156 3119 2406 3168 Eratosth.
2442 3121 2495 3168 in

510 3181 706 3242 Orione,
730 3186 808 3240 32,
832 3179 965 3231 δοκεῖ
999 3180 1383 3240 ἀπειλήσασθαι
1416 3180 1484 3240 ὡς
1520 3183 1632 3231 πᾶν
1668 3181 1854 3246 θηρίον
1890 3179 2101 3231 ἀνελεῖν
2138 3183 2247 3231 τῶν
2279 3182 2364 3232 ἐπὶ
2399 3186 2497 3244 τῆς

508 3247 609 3310 γῆς
632 3245 980 3312 γιγνομὲνωνε
1007 3265 1103 3311 quo
1125 3249 1337 3311 respexit
1359 3248 1542 3312 Hygin.
1558 3250 1609 3296 in
1625 3248 1902 3310 Scorpione,
1929 3249 1962 3276 “
1976 3249 2147 3296 dixisse
2162 3253 2305 3297 etiam
2322 3253 2497 3300 Diana

507 3320 552 3360 et
578 3313 768 3361 Latum
786 3329 835 3360 se
855 3317 1015 3360 omnia
1038 3329 1137 3376 ques
1159 3317 1213 3360 in
1233 3319 1362 3362 terra
1385 3317 1617 3370 oriuntur,
1636 3314 2078 3374 interficere.”-—-G.
2098 3314 2156 3362 B.

573 3380 693 3439 Paq.
709 3379 787 3425 37.
824 3377 1054 3440 Nigidius
1073 3376 1243 3440 refert]
1279 3379 1468 3426 Locum
1488 3379 1779 3442 impeditum
1801 3377 1871 3426 ita
1892 3379 2073 3426 tentavi
2088 3397 2103 3426 ι
2145 3377 2271 3426 huuc
2292 3380 2499 3428 Leonem

504 3445 738 3490 nutv-itum
757 3443 889 3504 apud
922 3446 1106 3492 Lunam
1141 3443 1271 3504 (dele
1291 3443 1433 3504 jussu
1453 3445 1660 3491 Junonis
1685 3445 1751 3504 et)
1772 3445 1825 3489 in
1848 3448 1973 3490 terra
1996 3444 2219 3503 Arcadia,
2239 3447 2293 3492 in
2311 3448 2499 3508 περίοπτα

506 3507 710 3555 Nemoeoe
765 3510 844 3570 (in
885 3509 1104 3569 menaea
1145 3507 1422 3555 Mihdimon
1461 3512 1649 3556 nomine
1674 3509 1837 3569 ,βασι-ἤ
1876 3523 2019 3570 quam
2061 3509 2253 3571 quidam
2295 3509 2503 3572 Aptari-so

507 3572 693 3629 dieunt)
708 3579 754 3621 et
760 3572 904 3635 jussu
923 3573 1130 3621 «Iunonis
1142 3572 1208 3619 ad
1241 3573 1456 3620 Herculis
1471 3576 1669 3622 exitium
1690 3574 1947 3629 dimissum,
1970 3573 2062 3620 etsi
2076 3589 2243 3622 vereor
2264 3589 2327 3622 ne
2346 3575 2500 3623 lector

507 3639 614 3686 hoec
635 3653 827 3700 quoque
849 3639 1174 3686 obscuriorem
1187 3653 1384 3686 sensum
1397 3639 1612 3700 praebere
1627 3637 2135 3701 putet—Mihdimon]
2160 3639 2196 3668 “
2211 3639 2497 3688 Portentum

507 3711 582 3751 est
601 3703 731 3751 istud
752 3702 1042 3760 Mihdimon,
1079 3704 1216 3765 cujus
1254 3703 1360 3750 loco
1397 3703 1558 3764 legere
1594 3702 1763 3750 malim
1802 3702 2117 3752 Machodomi
2141 3701 2496 3769 (μυχοδόμου.)
2549 3745 2567 3770 ,

509 3768 662 3817 Extat
699 3767 1091 3834 παραυλίζουσα
1129 3765 1291 3832 πέτρα
1325 3764 1584 3830 μυχώδεσι
1619 3768 1840 3832 μακραῖς
1870 3767 1923 3814 in
1949 3767 2121 3830 Eurip.
2148 3769 2257 3816 lon.
2280 3771 2497 3818 4943)-

508 3835 574 3882 G.
592 3833 650 3881 B.
720 3835 891 3898 (Ibid.)
925 3835 1158 3895 Dumque
1181 3833 1462 3881 cubiculum
1498 3833 1768 3889 introirent,
1805 3833 2031 3880 certando
2054 3833 2307 3882 Vulcanus
2330 3849 2499 3882 semen

501 3899 555 4011 {3
577 3900 910 4013 pfifflssssi?
937 3897 1637 4023 {Pssssstssu-{ssnffissgsstt‘ssxss
1667 3897 2229 4025 ssssssss‘ssffihssussffl‘
2252 3898 2352 4012 13³
2352 3900 2497 4024 ῗῖεἳῗξ

502 4027 796 4086 Vulcanum,
835 4017 1074 4076 Minervae
1108 3979 1466 4089 pullchritudine
1503 4027 1715 4089 corporis
1750 4027 2023 4087 inductum,
2045 4028 2243 4090 petiisse
2265 4030 2325 4077 ab
2347 4045 2420 4088 ea,
2442 4036 2499 4076 ut

503 4094 594 4142 sibi
633 4095 851 4149 nuberet,
888 4109 1047 4155 neque
1085 4093 1390 4155 impetrasse,
1429 4099 1478 4140 et
1513 4093 1719 4155 coepisse
1754 4091 2031 4142 Minervam
2052 4109 2159 4141 sese
2182 4095 2423 4142 occultare
2443 4094 2497 4142 in
