2992 4842
1256 585 1568 630 scnomA.
2321 566 2409 629 33

411 737 629 792 autem
660 727 898 804 steIIaS,
929 727 999 790 in
1028 723 1237 812 capite
1267 726 1501 791 claram
1523 749 1742 805 unam,
1775 726 1846 791 in
1875 725 2148 810 singulis
2177 726 2407 792 hume-

409 812 497 876 ris
526 813 725 878 claras
760 813 1065 898 singulm,
1087 814 1159 877 in
1186 813 1443 880 sinistra
1471 835 1670 877 manu
1700 824 1850 891 treS,
1882 813 1952 877 in
1982 813 2214 878 dextra
2289 836 2403 878 ua-

409 909 583 979 tuor,
618 912 683 963 et
715 900 871 963 duas
902 923 990 964 ex
1019 901 1110 964 eis
1139 901 1373 978 claras3
1420 900 1491 963 in
1521 898 1790 984 singulis
1831 900 2066 964 lumbis
2095 900 2280 983 singu
2309 923 2399 977 as,

408 985 480 1049 in
540 986 807 1069 singulis
863 987 1133 1070 genibus
1175 986 1495 1071 singulas,
1556 986 1628 1049 in
1680 986 1914 1050 dextra
1964 985 2125 1050 tibia
2171 985 2403 1051 claram

408 1093 634 1223 ιὶιέιῧιίιί
659 1073 729 1135 in
756 1073 1025 1156 singulis
1052 1073 1325 1158 pedibus
1354 1071 1637 1156 singulas
1671 1073 1888 1138 claras.
1981 1070 2153 1137 Sunt
2181 1094 2403 1137 omnes

500 1243 799 1329 Serpens,
848 1267 1045 1332 quem
1090 1255 1272 1308 tenet
1320 1243 1391 1307 in
1438 1244 1759 1322 manibus,
1815 1243 2014 1310 habet
2069 1245 2286 1310 stellas
2333 1247 2405 1310 in

408 1331 649 1412 orificio
714 1333 894 1410 duaS,
950 1333 1021 1395 in
1089 1331 1337 1396 flexura
1393 1331 1621 1415 capitis
1679 1331 1909 1416 spissas
1969 1341 2268 1416 quatuor,
2329 1333 2399 1396 in

405 1438 605 1481 manu
653 1417 977 1503 Ophiuchi
1021 1418 1178 1481 duas
1221 1416 1441 1497 claraS,
1479 1417 1550 1480 in
1600 1418 1806 1502 prima
1833 1417 2087 1482 flexura
2115 1429 2284 1496 octo,
2328 1419 2400 1483 in

406 1503 709 1581 secunda,
745 1527 939 1589 quam
968 1514 1151 1568 tenet
1178 1505 1249 1569 in
1279 1504 1511 1568 dextra
1537 1527 1754 1581 mann,
1786 1503 1941 1568 alias
1971 1514 2137 1583 octo,
2171 1505 2240 1568 in
2271 1515 2399 1569 ter-

403 1589 499 1654 tia
530 1611 735 1676 usque
758 1592 840 1656 ad
856 1591 1121 1655 caudam
1150 1613 1287 1654 sex.
1376 1589 1580 1654 Fiunt
1601 1613 1822 1654 omnes
1850 1590 2054 1654 stellae
2083 1591 2400 1676 serpentis

404 1675 694 1759 triginta.

498 1761 801 1848 Scorpius
843 1784 996 1826 sane
1036 1763 1227 1827 inter·
1250 1773 1421 1827 astra
1464 1785 1504 1827 a
1548 1761 1705 1826 Jove
1749 1762 1967 1827 illatus
2012 1772 2135 1838 est,
2220 1784 2294 1825 ro
2324 1784 2401 1826 eo

405 1849 580 1934 quod
607 1849 827 1913 ferunt
855 1870 943 1912 ex
972 1859 1143 1914 terra
1170 1859 1409 1926 ortum,
1462 1849 1976 1934 submissumque
2006 1847 2120 1935 qui
2151 1784 2396 1912 (iriona

401 1934 797 1999 interficeret
818 1936 901 2000 ob
924 1937 1065 1999 e'us
1086 1935 1562 2020 loquacitatem,
1587 1935 1762 2020 quod
1781 1957 1867 1999 ex
1886 1935 2226 2000 venatione
2248 1934 2396 1998 nul-

400 2020 533 2084 lam
562 2044 629 2085 se
658 2020 859 2086 feram
886 1960 1247 2107 reiinquere
1278 2022 1557 2086 diceret:
1604 2022 1788 2106 isque
1813 2020 2063 2086 Oriona
2082 2019 2397 2106 percussit

402 2117 473 2171 et
500 2107 753 2184 occidit,
802 2119 870 2172 et
896 2108 1048 2171 inde
1079 2132 1118 2172 a
1146 2107 1304 2172 Jove
1334 2109 1524 2172 astris
1566 2107 1784 2172 illatus
1829 2118 1950 2185 est,
2004 2117 2083 2172 ut
2115 2108 2256 2192 ejus
2285 2129 2399 2171 na-

400 2205 618 2258 turam
662 2194 867 2258 futuri
911 2194 1203 2259 homines
1255 2193 1714 2277 intelligerent.
1823 2193 2125 2279 Nigidius
2177 2203 2395 2257 autem

401 2279 582 2361 dicit,
616 2279 1028 2366 Scorpionem
1058 2280 1139 2345 ad
1166 2281 1514 2366 perniciem
1549 2279 1808 2345 Orionis
1857 2280 1928 2344 in
1969 2279 2178 2344 insula
2229 2277 2398 2343 Chio

398 2367 471 2430 in
500 2377 721 2430 monte
756 2366 1094 2452 Chelippio
1124 2379 1360 2445 ortum,
1397 2367 1731 2432 voluntate
1761 2377 1956 2450 atque
1987 2388 2109 2451 ope
2141 2365 2393 2430 Dianae.

402 2451 577 2516 Nam
599 2475 744 2517 cum
765 2454 835 2517 in
852 2464 1071 2518 monte
1093 2452 1417 2518 Celsionio
1434 2464 1797 2531 venaretur,
1807 2451 2079 2517 irridens
2093 2452 2392 2530 Dianam,

400 2541 857 2605 contemnebat
905 2541 1045 2624 ejus
1092 2562 1307 2625 opera,
1362 2562 1512 2627 quae
1557 2539 1627 2603 in
1674 2550 1894 2604 monte
1938 2538 2390 2603 constituebat.

401 2623 639 2711 Itaque
670 2626 886 2691 Diana
910 2626 1142 2692 dicitur
1170 2627 1415 2691 misisse
1448 2626 1886 2710 Scorpionem,
1937 2625 2051 2710 qui
2083 2623 2394 2689 Orionem

397 2711 532 2776 vita
559 2713 877 2795 privaret:
924 2725 1149 2799 postea
1176 2714 1257 2777 ab
1286 2711 1446 2777 Jove
1485 2712 1886 2798 impetrasse,
1914 2722 1993 2775 ut
2026 2709 2182 2774 Scor
2226 2711 2290 2774 io
2322 2711 2392 2774 in

400 2797 738 2862 duodecim
789 2799 1117 2883 signorum
1168 2798 1476 2864 memoria
1528 2799 2042 2863 constitueretur.
2133 2732 2264 2860 fiio
2307 2797 2391 2860 ob

398 2885 908 2968 magnitudinem
952 2887 1021 2949 in
1070 2885 1197 2949 duo
1250 2885 1567 2949 domicilia
1609 2885 1908 2970 partitur.
1999 2881 2268 2947 Etenim
2315 2883 2396 2946 ad

398 2969 577 3034 aliud
606 2972 882 3036 tendunt
909 2971 1171 3036 brachia
1208 2973 1369 3057 ejus,
1411 2972 1496 3036 ad
1525 2970 1701 3037 aliud
1729 2991 1956 3055 corpus
1985 2981 2052 3034 et
2094 2968 2297 3034 cauda
2326 2981 2394 3033 et

398 3057 579 3121 acule
588 3079 679 3123 ηε.
759 3058 983 3123 Habet
1004 3069 1219 3122 autem
1242 3058 1457 3122 stellas
1477 3058 1549 3121 in
1571 3078 1964 3141 unoquoque
1988 3077 2190 3120 cornu
2210 3055 2390 3133 duas,

396 3142 470 3206 in
500 3165 609 3208 ore
639 3167 835 3208 unam
864 3145 1118 3224 claram,
1148 3145 1220 3208 in
1246 3144 1459 3209 fronte
1489 3145 1671 3221 duas,
1700 3144 1771 3206 in
1795 3143 1979 3206 dorso
2007 3142 2206 3227 claras
2237 3153 2389 3219 treet,

397 3228 471 3293 in
501 3241 725 3294 ventre
756 3231 936 3310 duas,
959 3230 1029 3294 in
1060 3231 1262 3295 cauda
1291 3230 1600 3316 quinque,
1626 3230 1696 3293 in
1713 3229 1933 3294 aculeo
1954 3227 2131 3292 duas.
2222 3227 2393 3292 Sunt

399 3338 621 3380 omnes
654 3316 864 3382 XIX.
953 3317 1067 3380 Ex
1093 3317 1193 3380 his
1223 3329 1522 3402 quatuor,
1571 3338 1717 3402 quae
1747 3325 1902 3380 sunt
1945 3313 2017 3378 in
2067 3313 2392 3378 Cornibus

400 3402 561 3485 ejus,
605 3403 751 3467 duae
792 3404 1035 3489 priores
1064 3403 1275 3481 clarae,
1309 3415 1377 3468 et
1406 3405 1554 3468 duae
1596 3403 1884 3466 obscurae
1929 3399 2148 3464 Librae
2194 3399 2393 3485 assig-

396 3500 663 3567 nantur,
696 3512 891 3574 quam
916 3487 1150 3554 Chelas
1188 3490 1405 3554 Graeci
1434 3489 1680 3554 dicunt.

487 3573 751 3656 BooteS‚
828 3577 895 3640 ui
923 3588 991 3641 et
1034 3577 1375 3654 Arcturus,
1416 3576 1626 3640 fertur
1666 3596 1802 3638 esse
1832 3581 2048 3638 custos
2083 3569 2388 3649 Plaustri,

396 3682 476 3724 eo
522 3662 697 3745 quod
750 3661 805 3726 P
829 3673 1115 3727 austrum
1162 3663 1471 3749 sequitur,
1515 3662 1582 3725 id
1626 3671 1726 3725 est
1776 3658 2279 3745 SeptentrioneS,
2325 3671 2392 3721 et

398 3746 585 3831 quasi
608 3749 966 3814 succinctus
994 3750 1080 3814 sit
1110 3748 1695 3834 Septentrionibus.
1788 3745 1986 3811 Hunc
2016 3744 2241 3809 dicunt
2269 3743 2391 3807 Ar-

395 3832 620 3897 cadem
663 3834 706 3898 J
707 3836 840 3900 ovis
868 3835 1075 3900 filium
1104 3858 1265 3916 esse,
1312 3835 1390 3899 de
1435 3836 1618 3920 cujus
1646 3843 1795 3918 post
1823 3831 2080 3896 nomine
2117 3829 2392 3894 Arcadia

332 3923 345 3926 “
397 3919 571 3983 dicta
600 3932 717 4000 est,
775 3945 970 4008 quem
1002 3910 1267 4008 L'ycaon
1294 3920 1551 4008 Pelasgi
1577 3920 1768 3997 filius,
1815 3940 1961 3983 cum
1990 3916 2034 3981 J
2033 3937 2214 3980 ovem
2244 3915 2391 3980 hos-

395 4005 561 4090 pitio
588 4009 955 4093 recepisset,
1001 4008 1317 4073 infantem
1345 4005 1751 4072 membratim
1779 4003 2100 4080 laceravit,
2147 4012 2214 4066 et
2246 4001 2289 4065 J
2289 4003 2390 4067 ovi

394 4093 468 4156 in
497 4094 704 4180 epulis
747 4094 1066 4182 apposuit,
1114 4106 1372 4161 tentans
1416 4094 1460 4159 J
1460 4116 1666 4173 ovem,
1714 4102 1934 4158 utrum
1981 4089 2141 4154 deus
2158 4101 2386 4213 Fesset.
