2992 4842
549 593 576 625 0
1409 587 1673 625 norsum

549 719 801 778 Heinsius,
835 733 922 783 pro
948 717 1059 782 jam
1091 720 1226 766 venio
1261 721 1537 777 moriturus,
1572 725 1621 768 et
1650 719 1747 768 hcc
1778 719 1866 768 tibi
1896 723 2051 782 porto,
2074 720 2163 768 sce.
2231 719 2311 767 Sic
2331 719 2383 767 in
2408 718 2531 783 Epi-

546 793 814 846 grammate
851 784 992 832 Caelii
1033 783 1333 842 Fimiinisni,
1369 790 1428 830 ut
1445 783 1740 842 inscribitur,
1770 784 1829 832 de
1854 785 2069 832 Fortuna
2100 785 2229 846 apud
2262 785 2531 842 Pitboeurm

548 850 656 898 Lib.
681 849 722 898 1.
761 865 871 912 pag.
893 851 984 898 29:
1023 848 1066 896 0
1078 848 1286 908 fortuna
1319 853 1490 910 potem
1520 863 1578 898 ac
1610 851 1811 898 nimium
1850 851 1976 897 levis.
2048 849 2118 896 Ut
2138 849 2335 912 vulgata
2355 851 2531 911 praefe-

545 922 660 962 runt
695 915 1004 977 exemplaris.
1071 914 1168 961 Sed
1202 913 1470 976 elegantius
1506 915 1705 962 omnino
1744 915 1851 972 erit,
1886 915 1929 962 si
1962 915 2225 962 scribatur:
2266 914 2307 961 0
2324 915 2536 974 fortuna

539 986 720 1041 potens,
743 985 796 1026 at
815 983 1017 1028 nimium
1035 980 1166 1027 let-is.
1233 978 1304 1026 Et
1321 979 1390 1025 ita
1410 978 1673 1040 legendum
1690 988 1809 1042 puto
1827 980 1879 1026 in
1903 979 2167 1042 Epitaphio
2190 979 2369 1026 eximio
2389 980 2523 1041 apud

547 1044 742 1092 Gruter.
765 1059 875 1107 pag.
899 1042 1211 1092 Mcxxm.
1246 1042 1351 1090 Ins.
1373 1043 1432 1094 7:
1471 1046 1601 1092 Nam
1620 1059 1695 1090 me
1714 1050 1881 1092 saneta
1922 1043 2070 1091 Venus
2103 1045 2230 1091 sedes
2266 1059 2365 1090 non
2396 1045 2535 1091 nosse

542 1109 760 1157 silentum
783 1111 936 1156 Jussit
950 1125 966 1157 .·
995 1116 1048 1156 at
1067 1113 1118 1156 in
1139 1108 1244 1156 coeli
1265 1108 1423 1156 lueida
1445 1111 1618 1172 templa
1637 1111 1762 1158 tulit.
1831 1109 1908 1156 Ibi
1928 1108 2075 1156 etiam
2096 1108 2222 1156 male
2241 1108 2464 1166 habetur,
2485 1115 2533 1155 et

541 1177 597 1221 in
615 1174 732 1221 coeli.
795 1173 1038 1234 Justinus,
1059 1173 1172 1222 Lib.
1197 1171 1269 1220 ΙΙ.
1291 1187 1395 1234 cap.
1419 1171 1545 1221 XII.
1580 1176 1605 1234 ς
1626 1175 1673 1231 7,
1706 1180 1765 1222 ut
1784 1174 1966 1236 optime
1986 1173 2199 1222 restituit
2222 1173 2529 1222 Gronovius:

542 1239 640 1286 Aut
659 1241 702 1287 si
721 1237 809 1286 1·oe
835 1255 1012 1302 parum
1051 1245 1204 1286 tutum
1237 1243 1320 1295 est,
1357 1242 1411 1285 at
1431 1253 1513 1285 vos
1545 1243 1785 1287 commisso
1814 1239 1978 1302 praelio
2014 1241 2083 1286 ite
2116 1242 2293 1296 cessim,
2330 1238 2535 1286 inhibete

543 1305 700 1364 remis,
737 1304 829 1352 διο.
893 1303 1042 1366 Apud
1083 1303 1344 1352 Horatium
1383 1317 1590 1365 quoque,
1629 1304 1741 1352 Lib.
1768 1304 1810 1351 Ι.
1851 1304 1927 1351 od.
1960 1303 2055 1350 XI.
2094 1303 2284 1364 legebat
2318 1303 2533 1350 Patruus

545 1382 701 1428 meus,
739 1373 792 1416 at
812 1369 979 1416 melius
1009 1367 1244 1432 quidquid
1275 1370 1368 1414 erit
1391 1371 1517 1430 pati,
1539 1383 1639 1416 non
1658 1375 1727 1430 ut,
1748 1369 1833 1432 qui
1854 1370 1991 1416 locus
2014 1369 2135 1416 mire
2156 1368 2349 1416 vexavit
2370 1368 2531 1416 Inter-

544 1439 720 1496 pretes,
743 1439 793 1480 et
813 1433 883 1482 sic
903 1433 1031 1496 apud
1053 1433 1175 1482 alios
1193 1431 1326 1481 haud
1344 1447 1470 1480 raro.

611 1497 663 1549 7.
699 1496 894 1545 Testata
910 1503 976 1545 est
995 1513 1144 1546 mores
1165 1495 1388 1561 lacrymis
1412 1497 1661 1560 plebesque
1688 1495 1959 1561 patresque]
2004 1499 2187 1545 Testati
2204 1512 2356 1544 mores
2378 1497 2533 1544 Hein-

545 1561 646 1610 sius
669 1563 892 1611 mslebat.
957 1562 1253 1626 Plerumque
1289 1561 1422 1612 enim
1454 1562 1692 1624 pluralem
1725 1563 2008 1625 praeferebat
2026 1577 2305 1621 numerum,
2326 1563 2411 1610 ubi
2434 1563 2531 1609 duo

547 1628 620 1676 vel
641 1627 782 1690 plura
803 1634 1062 1676 occurrunt
1083 1627 1344 1676 cumulata.
1411 1626 1507 1674 Sed
1527 1627 1637 1675 vide
1659 1627 1825 1676 Patrui
1848 1627 1947 1675 mei
1966 1634 2105 1674 notas
2126 1628 2186 1675 ad
2209 1627 2464 1675 claudian.
2487 1627 2529 1675 I.

544 1691 596 1740 iu
635 1691 809 1741 Rusiu.
853 1707 902 1742 v-
935 1693 1015 1753 53,
1053 1691 1211 1756 plebes
1252 1693 1450 1755 antiquo
1490 1707 1626 1740 more
1661 1707 1749 1755 pro
1778 1690 1926 1754 plebs,
1967 1698 2023 1739 ut
2058 1692 2187 1754 apud
2225 1691 2531 1749 Sallustium,

544 1756 785 1817 Tacitum,
821 1757 1094 1815 Lucanum,
1129 1757 1268 1806 alios.
1335 1757 1525 1808 Auson.
1548 1756 1677 1820 Idyl.
1700 1756 1743 1804 Ι.
1780 1771 1827 1804 v.
1851 1758 1910 1803 8:
1948 1757 2111 1803 Noa-ia
2143 1771 2280 1818 quem
2308 1756 2532 1804 scelerum

539 1820 698 1884 plebes
739 1825 914 1870 tremit.
979 1821 1120 1870 Adde
1157 1821 1308 1884 igitur
1348 1821 1480 1870 hunc
1524 1837 1721 1870 versum
1758 1820 2013 1884 exemplis,
2049 1836 2159 1883 quoe
2200 1821 2533 1882 produxerunt

544 1885 766 1946 Vossius,
799 1887 907 1934 Lib.
935 1885 982 1934 Ι.
1001 1886 1061 1935 de
1083 1885 1288 1949 Analog.
1313 1888 1404 1943 333
1441 1886 1741 1934 Freinshem.
1764 1886 1824 1934 ad
1857 1885 2057 1933 Florum
2082 1886 2124 1933 Ι.
2158 1900 2261 1948 cap.
2286 1885 2380 1941 263
2415 1885 2529 1933 Rit-

545 1950 744 1998 tersbuf.
769 1951 830 1998 ad
853 1951 1093 2000 Guuther.
1129 1951 1240 2000 Lib.
1265 1950 1339 1999 11.
1375 1967 1487 2016 pag.
1510 1953 1605 2008 513
1640 1958 1691 2000 et
1724 1951 1917 2000 Gudius
1951 1967 2007 2000 ac
2044 1951 2254 1999 Patruus
2290 1965 2432 1998 meus
2466 1952 2531 1998 ad

545 2015 735 2065 Phaedr.
758 2016 867 2065 Lib.
887 2015 975 2064 IV.
997 2016 1093 2065 fab.
1109 2018 1156 2078 5,
1176 2017 1318 2066 v.13.

753 2563 908 2614 VIII.
938 2562 1308 2614 APPENDIX
1341 2561 1697 2612 NOTARUM
1732 2559 2315 2613 SCHWARTZIANA.

609 2719 975 2767 Prasmon—2
1011 2716 1334 2780 Imperatores
1379 2714 1628 2764 invocatos
1677 2715 1809 2764 idem
1854 2729 2037 2762 numen
2072 2715 2133 2763 ad
2169 2729 2337 2764 versus
2372 2715 2525 2778 inspi-

541 2783 716 2832 randos
752 2798 866 2832 cum
901 2782 1132 2845 Apolline
1170 2781 1346 2830 habere
1378 2781 1627 2846 putabant.
1695 2780 1837 2828 Ovid.
1871 2781 1932 2827 ad
1971 2780 2317 2828 Germanicum
2340 2780 2525 2828 Fastor.

545 2849 590 2908 1,
618 2849 704 2900 1⁷:
738 2847 824 2896 Da
845 2849 966 2896 milti
994 2853 1038 2894 te
1067 2847 1325 2910 placidum,
1366 2849 1546 2896 dederis
1578 2850 1633 2894 in
1671 2847 1898 2894 Carmina
1932 2848 2069 2904 vires,
2111 2846 2357 2908 Juqem'um
2392 2847 2529 2893 vultu

541 2920 726 2977 statque
747 2915 961 2976 caditque
981 2919 1081 2960 tuo-
1149 2912 1321 2962 Barth.
1343 2913 1468 2962 Adv.
1489 2911 1671 2961 XXII.
1700 2912 1773 2968 18,
1802 2925 1848 2973 p.
1870 2910 2009 2960 1107.

607 2981 659 3026 4.
695 2979 846 3027 Hunc
879 2985 980 3026 tam
1016 2977 1274 3026 verecundi
1314 2979 1411 3026 oris
1453 2978 1677 3040 princeps
1719 2975 1933 3023 laborem
1966 2989 2113 3022 suum
2151 2974 2357 3036 ipsemet
2394 2974 2526 3022 docti

543 3043 741 3092 nomine
761 3043 1100 3092 commendet?
1168 3042 1430 3091 Enimvero
1453 3042 1610 3090 verior
1628 3041 1817 3089 videtur
1837 3039 2072 3102 scriptura
2096 3039 2312 3102 ductique
2333 3039 2525 3086 laboris.

544 3107 655 3156 Sive
693 3109 826 3157 enim
859 3108 920 3156 ad
958 3107 1321 3156 translationem
1359 3108 1587 3156 carminis
1624 3111 1825 3168 spectes,
1866 3104 1965 3151 sive
1990 3104 2051 3152 ad
2077 3111 2321 3152 auctorem
2342 3104 2523 3165 ipsum,

540 3172 720 3221 melius
740 3173 809 3220 ita
845 3173 1041 3221 omnino
1077 3172 1227 3234 legas.
1291 3175 1502 3221 Aratum
1534 3172 1667 3220 enim
1707 3171 1834 3217 inter
1868 3168 2169 3217 doctissimos
2205 3169 2525 3218 Astronomos

541 3251 686 3285 nemo
722 3237 956 3296 retulerit,
992 3253 1107 3286 cum
1141 3237 1338 3299 ignarus
1375 3238 1522 3286 etiam
1561 3235 1708 3284 fuerit
1745 3249 1912 3282 earum
1948 3249 2128 3290 rerum,
2168 3248 2287 3294 quas
2318 3234 2524 3296 posteris

542 3301 754 3350 carmine
773 3303 1038 3364 proposuit.
1106 3302 1292 3361 Cicero,
1315 3303 1398 3350 lib.
1416 3303 1461 3349 Ι.
1485 3302 1545 3349 de
1565 3301 1699 3348 Orat.
1730 3299 1925 3348 Etenim
1943 3301 1986 3346 si
2007 3305 2189 3346 constat
2207 3301 2333 3345 iuter
2351 3297 2522 3356 doctos,

457 3413 463 3416 .
541 3367 774 3414 hominem
807 3370 1027 3428 iynarum
1056 3366 1330 3431 Astroloqioe
1361 3367 1674 3414 ornatissimis
1700 3370 1861 3425 atque·
1878 3366 2065 3426 optimis
2096 3361 2303 3410 versibus
2320 3361 2523 3410 Aratum

541 3431 599 3478 de
630 3431 741 3479 caelo
777 3433 1014 3495 stellisque
1051 3433 1237 3480 dixisse.
1307 3431 1490 3480 Ducere
1511 3437 1672 3479 autem
1695 3444 1890 3477 carmen
1911 3429 1972 3475 ad
1993 3428 2277 3476 modestiam
2296 3427 2521 3489 pertinet,

539 3495 676 3544 velut
713 3510 810 3544 non
847 3497 1018 3559 grandi
1053 3496 1215 3559 aliquo
1251 3511 1392 3560 opere
1429 3496 1515 3544 sed
1550 3495 1687 3544 suavi
1722 3494 1804 3542 filo
1840 3493 2116 3542 deducatur.
2180 3492 2304 3539 Vide
2327 3507 2437 3554 quae
2461 3492 2523 3540 ad

544 3561 873 3624 cynegeticon
908 3561 959 3610 N
961 3561 1192 3610 emesiani
1225 3562 1519 3610 notavimus.
1585 3559 1751 3608 Barth.
1785 3559 1986 3608 Advers.
2013 3556 2185 3605 XLVI
2190 3557 2232 3604 Ι.
2259 3559 2336 3604 18.
2402 3557 2521 3605 Non

537 3627 838 3690 periclitatur
861 3626 1140 3675 Germanici
1163 3626 1412 3675 modestia.
1478 3627 1683 3674 Doctum
1718 3625 1849 3672 enim
1886 3623 2077 3683 dicitur,
2113 3621 2345 3684 quicquid
2379 3621 2518 3684 inge-

539 3691 680 3740 nium
701 3692 897 3755 aliquod
922 3691 1146 3740 ostendit.

607 3760 652 3805 8.
686 3757 814 3805 Cum
836 3757 986 3806 veteri
1018 3757 1141 3804 libro
1163 3755 1468 3804 scribendum
1489 3759 1591 3803 est:
1628 3755 1789 3814 Quave
1822 3753 1974 3803 Aries.
2039 3751 2109 3800 Et
2128 3751 2231 3814 ipse
2252 3750 2322 3798 sic
2343 3765 2517 3814 supra:

543 3820 654 3878 Qua
672 3824 744 3870 sol
761 3823 999 3872 ardentem
1023 3823 1254 3870 Cancrum
1272 3822 1600 3884 rapidissimus
1620 3818 1787 3869 ambit.
1851 3817 2021 3867 Barth.
2054 3817 2257 3864 AdverS.
2297 3815 2515 3865 XLVII.

542 3888 650 4000 ΒΞ).
687 3951 951 4000 Praesidem
964 3966 1126 3999 rerum
1145 3952 1468 3999 humanarum
1483 3949 1765 4012 Augustum
1778 3953 1917 3996 vocat
1930 3947 2063 3996 velut
2084 3947 2298 3995 Deorum
2320 3945 2517 3994 immor-

541 4016 713 4064 talium
735 4017 894 4066 vicem
913 4017 966 4064 in
987 4017 1126 4066 terris
1143 4023 1404 4079 gerentem.
1471 4015 1551 4063 Sic
1575 4014 1779 4073 Plinius,
1800 4013 1884 4062 lib.
1906 4011 2030 4062 VII.
2066 4029 2106 4061 c.
2134 4013 2193 4060 16
2211 4029 2223 4060 t
2257 4010 2413 4060 Fuere
2432 4011 2517 4059 sub

539 4082 644 4130 divo
665 4084 878 4146 Auyusto
895 4082 1122 4145 semipede
1143 4082 1320 4141 addito,
1353 4096 1549 4144 quorum
1572 4093 1767 4142 corpora
1790 4079 1888 4143 ejus
1906 4077 2128 4127 miraculi
2154 4078 2385 4139 qratiam
2406 4091 2513 4124 eon-
