2992 4842
1008 581 1078 616 An
1105 580 1462 616 rua-:nouaua
1486 580 1721 615 annm.
2285 566 2387 615 lxxi

387 712 480 754 est.
549 703 680 753 Nam
705 721 764 754 ex
789 706 922 754 illius
945 707 1197 770 praeceptis
1218 707 1661 755 vetustissimorum
1684 713 1958 767 temporum
1982 705 2386 753 consuetudinem

388 771 552 818 metiri
587 770 1341 834 nolim.-SCH.——Anyusto]
1385 772 1613 833 BEng.
1658 776 1856 834 anqusto
1892 786 1934 821 s.
1981 770 2121 820 Fuit:
2156 770 2385 819 ambusto.

389 834 565 897 virgil.
591 836 715 884 AE'n.
738 835 787 895 ⁷,
809 838 924 883 524.
956 837 1207 885 sudibusve
1222 836 1633 899 μηνυτῶν-ΟΒ..

456 900 570 947 656.
614 900 750 948 Dono
771 899 920 949 dabat
940 900 1232 964 OEnopt'oai]
1259 902 1529 963 Eleganter
1547 901 1617 949 ita
1641 900 1887 947 Avienus:
1924 898 2101 947 Audax
2121 905 2176 947 at
2181 900 2385 959 facinus

389 964 569 1011 donum
588 966 726 1027 soret
761 964 1573 1029 OEnopioni.-SCH.-—Chyon
1607 965 1670 1014 B.
1723 964 1987 1013 OEnoriom‘
2022 964 2086 1013 E.
2134 964 2200 1013 In
2226 978 2384 1027 marg.

391 1030 863 1079 correctum.—OR.

456 1093 568 1145 657.
604 1095 684 1142 Ad
711 1098 902 1157 patim
935 1095 1107 1143 etenim
1144 1093 1312 1143 Phoebi
1345 1110 1391 1157 9.
1428 1092 1496 1157 r.]
1537 1094 1673 1156 Lege
1708 1092 1779 1141 uti
1809 1108 1942 1141 nunc
1976 1093 2271 1155 exscriptum
2292 1098 2382 1141 est.

390 1154 660 1206 Verissima
695 1158 802 1207 haee
836 1159 1127 1217 emendatio,
1164 1167 1214 1207 et
1235 1160 1341 1207 sine
1365 1175 1462 1222 qua
1483 1158 1650 1206 nullus
1673 1173 1865 1205 sensus.
1932 1158 2253 1206 Gna—scu.
2293 1169 2298 1174 “

395 1218 548 1269 Haud
559 1226 749 1284 patiens
767 1224 849 1271 sed
867 1222 1015 1286 enim]
1052 1224 1112 1271 de
1131 1238 1179 1286 g.
1202 1224 1330 1285 conj.
1351 1225 1422 1272 sb.
1460 1226 1529 1271 At
1554 1225 1747 1287 patiens
1782 1225 1955 1271 etenim
1978 1223 2039 1271 E.
2091 1223 2169 1271 Aa
2194 1226 2385 1285 patiens

389 1290 565 1334 etenim
586 1287 678 1335 BG
716 1288 915 1336 .—-0R.

455 1350 566 1399 658.
602 1302 772 1400 Μεῗὶία
793 1353 959 1400 tellure
977 1352 1189 1415 revulsa]
1227 1353 1336 1401 Hoc
1359 1358 1432 1401 est
1455 1352 1584 1413 quod
1606 1351 1789 1400 Aratus
1810 1367 1854 1400 v.
1878 1350 1975 1399 642
1999 1351 2123 1399 dixit
2155 1347 2384 1414 ἀναρῤἣ-

389 1410 524 1468 {aaa
545 1413 705 1479 μέσας
727 1414 961 1480 ἑκάτερθε
985 1416 1233 1475 κολώνας.
1298 1417 1412 1466 Vid.
1437 1416 1695 1480 Hyginum
1729 1424 1779 1465 et
1810 1416 2146 1479 Anonymum,
2180 1415 2386 1464 Festum

394 1485 444 1527 et
469 1479 770 1529 Ciceronem.
839 1481 1162 1530 Gn.--SCH.

455 1544 566 1593 659.
601 1544 815 1607 Inqenti]
843 1546 1102 1608 Ingentem
1133 1546 1285 1595 fuisse
1319 1546 1569 1603 Orionem,
1603 1544 1807 1594 credidit
1841 1544 2123 1607 antiquitas.
2191 1543 2384 1592 Plinius

387 1606 513 1655 VII.
537 1625 579 1656 e.
606 1611 680 1657 16.
749 1610 812 1658 In
851 1613 1004 1667 Creta,
1039 1616 1172 1660 terroe
1195 1617 1323 1659 motu
1341 1616 1486 1673 rupto
1509 1617 1681 1668 monte,
1716 1614 1959 1658 inventum
1980 1614 2048 1656 est
2067 1624 2236 1670 corpus
2254 1615 2385 1657 stans

391 1671 567 1723 XLVI
602 1674 876 1727 cubitorum.
913 1677 1039 1738 quod
1072 1674 1162 1723 alii
1204 1678 1404 1733 Orionis,
1439 1677 1529 1723 alii
1566 1673 1647 1723 Ota·
1668 1677 1827 1733 fuisse
1865 1674 2176 1722 arbitrantur.
2254 1674 2378 1721 Add.

390 1736 532 1785 Ovid.
558 1739 690 1787 Fast.
713 1739 773 1787 V.
796 1740 906 1798 537,
933 1748 981 1787 et
1003 1741 1244 1803 praecipue
1267 1741 1519 1789 Donatum
1543 1740 1603 1787 ad
1626 1740 1823 1787 AEneid.
1844 1740 1909 1788 X.
1935 1753 1980 1785 v.
2004 1738 2117 1789 763.
2160 1737 2385 1798 majorem

387 1803 590 1850 contulit
612 1802 813 1866 hostem]
836 1804 888 1852 id
907 1812 995 1863 est,
1029 1806 1215 1867 paravit
1236 1805 1287 1852 in
1309 1820 1424 1853 eum
1448 1804 1655 1861 hostem,
1693 1811 1742 1851 et
1762 1803 1901 1867 quasi
1922 1804 2195 1865 composuit
2218 1803 2383 1850 valen-

389 1866 564 1913 tiorem
585 1882 699 1915 cum
723 1868 968 1918 debiliore.
1032 1870 1158 1918 Vide
1188 1870 1249 1917 de
1284 1870 1464 1918 Orione
1487 1885 1549 1917 ex
1569 1869 1669 1917 ictu
1695 1868 1882 1931 Scorpii
1902 1875 2095 1915 mortuo
2117 1868 2263 1915 etiam
2290 1868 2383 1916 Ni-

387 1931 556 1978 candri
602 1932 921 1991 Scholiasten‚
953 1949 1064 1997 pag.
1087 1936 1132 1981 3.
1167 1934 1429 1982 Tatianum
1461 1940 1629 1981 contra
1664 1934 1826 1982 Graec.
1862 1948 1911 1995 p.
1933 1947 2000 1979 m.
2028 1932 2135 1989 149,
2160 1932 2385 1980 Servium

386 1994 449 2043 ad
469 1992 666 2044 AEneid.
687 1995 772 2046 lib.
801 1998 844 2045 I.
867 1998 1200 2047 539.—SCH.
1337 2001 1585 2061 Scorpium
1606 1997 1833 2045 b.--OR.

454 2059 566 2107 660.
601 2060 800 2109 Parcite
821 2061 1068 2125 mortales]
1108 2063 1279 2111 Simile
1303 2063 1625 2125 epiphonema
1646 2062 1771 2109 illud
1806 2060 1985 2113 Avieni
2007 2060 2255 2108 hocloco:
2290 2062 2383 2108 ista

371 2123 545 2235 ⁸germ-i
563 2123 790 2237 Sigrfimia
825 2122 1076 2175 debentur.-
1117 2133 1227 2176 sunt
1261 2128 1357 2176 kaec
1393 2129 1672 2175 commercia
1712 2128 1834 2175 loesis
1872 2126 2067 2188 Semper
2099 2125 2385 2173 numinibus.

441 2201 560 2235 ιι.-
699 2227 713 2239 .

452 2253 568 2302 661.
601 2254 785 2303 Horret
815 2256 984 2303 vulnus
1019 2255 1199 2319 adhuc]
1239 2256 1484 2304 Avienus:
1520 2264 1670 2303 metus
1703 2254 1796 2314 hic,
1833 2261 1983 2303 metus
2018 2269 2130 2301 acer
2162 2256 2217 2301 in
2254 2260 2383 2301 astro

386 2313 655 2367 Permanet.
695 2320 796 2367 Gn.
835 2322 840 2327 “
863 2319 1069 2383 Horret]
1096 2321 1228 2368 Hinc
1251 2320 1389 2378 forte,
1411 2320 1639 2383 στυγνὸς
1672 2319 1858 2385 Ὠρίων
1890 2320 2066 2369 dicitur
2086 2318 2384 2367 Anacreonti

388 2381 554 2429 Cann.
577 2382 627 2429 in
652 2383 813 2445 pocul.
835 2392 1020 2446 argent.
1042 2400 1092 2447 p.
1119 2400 1188 2432 m.
1216 2386 1549 2434 138.—SCH.

451 2445 565 2495 662.
597 2447 668 2494 Et
689 2449 1182 2512 quanquam...ortus,]
1209 2450 1333 2497 Haec
1353 2450 1617 2499 admodum
1638 2455 1863 2512 corrupta
1872 2449 1943 2497 ita
1955 2453 2074 2511 puto
2094 2447 2302 2510 legenda
2336 2454 2385 2495 et

385 2508 744 2573 distinguenda,
779 2520 824 2559 et
844 2528 1117 2576 quanquam
1130 2520 1272 2576 parte
1292 2521 1467 2563 retecta
1496 2516 1603 2562 Tela·
1616 2516 1911 2575 paenesuqit,
1945 2520 2102 2561 tamen
2123 2514 2236 2560 altis
2257 2528 2379 2560 mer-

381 2577 518 2636 9itur
557 2576 718 2625 undis.
808 2577 1032 2640 Scorpius
1071 2580 1260 2627 ardenti
1305 2594 1412 2627 cum
1448 2585 1639 2642 pectore
1678 2581 1876 2641 eontiqit
1917 2584 2067 2626 ortus.
2150 2576 2382 2640 Hyginus

388 2639 573 2686 Oriona
611 2640 870 2703 Sagittario
893 2643 1076 2691 oriente
1096 2644 1311 2705 primum
1332 2644 1551 2692 occidere
1574 2642 1707 2700 dicit,
1741 2645 1923 2690 Aratus
1958 2641 2174 2703 Scorpio.
2242 2641 2382 2691 Quas

385 2704 651 2752 sententias
695 2713 752 2753 ut
793 2707 1036 2766 conciliet,
1076 2709 1145 2755 ait
1185 2708 1527 2768 Germanicus,
1562 2722 1841 2770 quanquam
1884 2706 2037 2753 Orion
2082 2706 2239 2767 fugiat
2278 2705 2379 2753 sive

385 2767 574 2815 occidat
605 2769 713 2831 jam
749 2777 873 2828 tum,
908 2787 1023 2819 cum
1044 2787 1154 2834 pars
1177 2772 1340 2835 aliqua
1363 2772 1448 2820 teli
1470 2773 1565 2819 hoe
1588 2777 1663 2819 est
1685 2770 1931 2833 Sagittarii
1952 2776 2057 2817 orta
2079 2777 2180 2824 est3
2216 2776 2383 2817 tamen

382 2846 526 2893 posse
563 2834 710 2882 etiam
745 2835 840 2884 dici
887 2836 1086 2898 Scorpio
1123 2836 1307 2885 oriente
1338 2835 1615 2898 submergi:
1651 2842 1785 2897 parte
1807 2834 2035 2882 videlicet
2055 2833 2218 2895 priori,
2250 2840 2309 2880 ut
2330 2841 2382 2882 et

383 2896 490 2957 ipse
513 2897 743 2960 Hyginus
765 2900 814 2947 in
837 2901 1088 2949 asterismo
1110 2901 1306 2949 Orionis
1327 2908 1533 2949 testatur
1554 2907 1604 2948 et
1625 2899 1901 2948 Martianus
1922 2898 2136 2961 Capella.
2209 2896 2383 2945 Telum

385 2960 511 3021 dixit
529 2976 616 3023 pro
641 2964 914 3025 Sagittario,
934 2972 992 3013 ut
1011 2980 1141 3027 saepe
1164 2968 1347 3015 Aratus
1371 2962 1541 3024 τόξον,
1564 2965 1694 3027 quod
1716 2972 1816 3013 tam
1837 2963 2007 3020 telum,
2029 2977 2177 3025 quam
2195 2976 2381 3020 arcum,

385 3024 624 3088 designat.
674 3027 888 3092 Ideoque
907 3029 1008 3086 ille,
1029 3029 1137 3077 loco
1155 3032 1294 3079 Arati
1315 3032 1379 3092 (v.
1400 3030 1539 3091 305),
1556 3028 1708 3076 Ἤτοι
1730 3028 1829 3093 γὰρ
1849 3026 1981 3091 μέγα
1999 3026 2153 3081 τόξον
2170 3023 2379 3074 ἀνέλκε-

386 3104 475 3137 ται
498 3088 684 3154 ἐγγύθι
706 3090 892 3156 κέντρε
917 3092 1161 3159 Σκόρπιος
1181 3094 1465 3145 ἀντέλλων
1521 3091 1549 3140 ὁ
1573 3092 1620 3141 δ’
1650 3092 1927 3157 ἀνέρχεται
1948 3090 2131 3139 αὐτίκα
2155 3088 2379 3153 μᾶλλον.

386 3153 488 3201 Ubi
513 3154 834 3207 Germanicus
857 3168 908 3207 et
941 3160 1112 3207 Cicero
1133 3174 1300 3208 arcum
1321 3166 1606 3221 posuerunt.
1673 3159 1848 3207 Festus
1877 3156 2051 3204 Telum
2069 3154 2243 3203 vertit:
2284 3155 2391 3205 Hic.

383 3222 620 3267 matutino
651 3226 840 3271 veniens
863 3224 1036 3285 procul
1056 3225 1225 3273 ethere
1247 3226 1390 3273 telum
1411 3222 1583 3286 Exiqit
1604 3240 1629 3271 e
1643 3223 1813 3287 pelayo
1827 3239 1843 3270 .·
1875 3220 2020 3269 telum
2040 3219 2190 3268 trahit
2208 3218 2383 3267 ultima

383 3285 554 3333 cauda.
623 3285 736 3335 Quo
775 3288 828 3335 in
866 3288 973 3335 loco
1007 3288 1232 3336 similiter
1263 3290 1428 3336 eoelum
1461 3289 1697 3350 seriptum
1738 3292 1858 3343 erat,
1894 3284 2025 3348 quod
2057 3284 2218 3336 firmat
2254 3284 2381 3332 hanc

383 3361 546 3395 meam
568 3351 913 3411 conjecturam.
983 3352 1086 3400 GR.
1153 3353 1283 3399 Mihi
1303 3352 1496 3400 videtur
1529 3351 1769 3400 sententia
1804 3350 2084 3398 Germanici
2106 3348 2237 3397 clara
2258 3364 2382 3405 esse,

383 3412 515 3473 qnod
552 3414 779 3463 videlicet
813 3417 982 3473 Orion,
1021 3432 1258 3464 oceanum
1291 3415 1557 3478 ingressus,
1596 3416 1853 3478 Scorpium
1874 3414 2045 3477 fugiat,
2067 3420 2117 3461 et
2140 3414 2183 3461 si
2205 3427 2384 3475 magna

383 3475 496 3523 eoeli
519 3480 682 3540 superi
703 3495 815 3542 pars
837 3481 1149 3543 interipsum
1173 3487 1222 3529 et
1258 3480 1573 3543 Scorpionem
1594 3480 1799 3529 intersit.
1868 3477 1997 3527 Pars
2018 3477 2121 3526 σαὶ-ἱ
2143 3484 2217 3525 est
2240 3478 2385 3525 dimi·

383 3538 520 3649 {ium
541 3542 669 3590 coeli.
689 3608 720 3657 b
737 3543 886 3607 Fugit
920 3552 996 3593 est
1027 3546 1193 3606 distat,
1223 3542 1935 3605 abest.—SCH.-—Rebicta]
1963 3542 2179 3605 BEGgs.
2209 3546 2384 3591 retecta

419 3618 446 3651 e
468 3620 518 3666 g.
541 3608 666 3655 con‘.
725 3609 919 3657 .—OR.

449 3668 562 3717 663.
599 3623 711 3720 ἐωὶί
724 3672 881 3736 poene]
908 3673 1105 3735 BEGg.
1126 3673 1290 3733 (BE.:
1319 3672 1474 3735 paene)
1510 3688 1547 3721 s.
1597 3674 1702 3720 Teli
1718 3687 1854 3734 poene
1876 3672 1936 3719 de
1958 3686 2007 3733 g.
2034 3671 2165 3731 conj.
2186 3670 2234 3719 b.
2287 3668 2385 3717 Sed

380 3730 434 3779 in
447 3748 586 3795 poene
605 3736 798 3785 videtur
817 3738 966 3786 latere
983 3753 1139 3799 pone.-
1171 3753 1286 3785 nam
1311 3753 1445 3799 paene
1478 3736 1626 3784 nimis
1660 3737 1890 3799 languet:
1926 3737 2044 3790 sive,
2074 3734 2245 3782 Grotio
2267 3749 2382 3781 auc-

381 3798 700 3910 torgssunges
723 3816 838 3849 cum
860 3817 907 3852 v.
927 3803 1086 3865 fiaqit,
1119 3802 1239 3862 sive,
1261 3808 1318 3850 ut
1338 3802 1446 3850 vult
1468 3801 1741 3849 Schwartz:
1769 3807 1911 3864 parte
1932 3800 2097 3849 relicta
2116 3799 2220 3847 coeli
2231 3812 2384 3861 paene.

443 3925 557 3974 664.
590 3926 837 3992 Scorpios]
864 3930 958 3993 Gg.
997 3929 1224 3994 Scorpius
1245 3930 1368 3979 Esb.
1401 3929 1635 3992 Scorpion
1657 3928 1716 3977 B.
1752 3932 1871 3977 ortis
1886 3926 2135 3975 E.—OR.

441 3989 554 4040 665.
590 3992 684 4041 Nil
702 3994 868 4059 super]
895 3994 958 4044 In
983 3995 1322 4059 Manuscripto
1344 3992 1490 4043 Nihil
1504 3994 1578 4043 bis
1600 3994 1654 4043 in
1675 4008 1775 4043 uno
1799 4008 1960 4043 versu.
2003 3992 2099 4040 Sed
2120 3988 2385 4053 legendum

2143 4077 2184 4117 Τ
