2992 4842
1039 594 1112 631 Al>
1137 594 1492 631 PnAENotmuA
1518 594 1755 631 ARATEA.
2261 594 2395 629 xxxv

403 715 552 783 Pigra
573 718 726 784 Agsb.
758 722 864 783 iyra
884 720 949 769 G.
995 721 1150 782 Niyra
1174 720 1233 768 B.
1275 718 1444 769 Tarda
1463 719 1566 767 FP.
1597 718 1763 782 (lbid.)
1798 717 1993 782 alliyat]
2018 718 2169 769 AFP.
2202 726 2398 781 occupat

398 785 602 847 BGgsb.
654 786 748 834 Sed
783 789 878 833 hoc
911 792 1084 833 natum
1123 800 1183 833 ex
1219 785 1538 847 praecedentis
1560 800 1605 833 v.
1641 785 1846 833 incubat.
1904 786 2036 832 Miro
2074 800 2191 832 casu
2225 785 2395 833 eadem

395 850 604 960 vegetas
625 851 753 914 apud
778 851 1034 898 Lucanum
1059 850 1102 897 Ι.
1121 850 1233 898 246.
1278 850 1462 912 qelidus
1501 863 1651 910 pavor
1684 851 1853 912 alliqat
1888 856 2038 907 artus,
2074 850 2158 897 alii
2180 856 2391 912 occupat.

463 978 576 1025 295.
611 978 707 1026 Sed
737 976 996 1039 rationem]
1035 984 1165 1026 recte
1205 980 1308 1025 MS.
1381 977 1518 1025 Male
1556 976 1744 1039 vulgati
1781 977 1868 1026 Et.
1938 976 2259 1026 Gn.--SCH.

399 1042 490 1089 Sed
505 1044 626 1101 rat]
654 1043 823 1105 BGgs.
859 1042 910 1090 E
929 1049 1025 1090 rat.
1048 1042 1110 1089 A.
1145 1042 1216 1091 Et
1236 1048 1329 1090 rat.
1352 1042 1456 1093 FP.
1500 1044 1619 1089 anni
1641 1042 1694 1090 F.
1737 1042 1913 1104 (Ibid.)
1945 1039 2151 1103 solvunt]
2190 1042 2248 1091 B.
2301 1043 2394 1091 sol·

395 1112 506 1154 vent
527 1108 764 1169 AFPgsb.
803 1106 904 1169 (De
933 1110 995 1153 G.
1029 1106 1160 1154 haud
1181 1106 1593 1166 constat.)—OR.

464 1171 577 1218 296.
616 1172 817 1229 Cernat]
853 1171 983 1219 male
1017 1171 1122 1218 MS.
1162 1177 1376 1220 cernunt.
1444 1170 1864 1232 Distinguendum
1900 1177 2065 1218 autem
2095 1170 2181 1229 ita,
2216 1176 2275 1219 ut
2303 1184 2394 1219 nos

395 1234 620 1294 fecimus,
655 1236 800 1283 verbo
836 1235 1070 1297 puppibus
1101 1236 1162 1283 ad
1197 1250 1388 1283 comma
1408 1235 1726 1298 praecedentis
1746 1250 1913 1283 versus
1936 1241 2156 1283 retracto.
2226 1236 2396 1284 GR.—

396 1298 547 1346 scH.
686 1301 864 1349 Cernat
885 1299 1126 1361 AFPgsb.
1159 1305 1356 1347 cernant
1377 1301 1434 1348 B.
1469 1306 1667 1348 cerrount
1692 1300 1939 1348 G.—0R.

461 1363 578 1414 297.
610 1364 833 1426 Innatat]
857 1364 986 1412 male
1007 1364 1192 1426 vulgati
1213 1368 1411 1413 innatet.
1482 1364 2132 1413 Gn.-SCH.—Innatat
2148 1363 2395 1426 ABGgsb.

395 1430 582 1476 innatet
601 1429 884 1477 FP.—OR..

463 1493 578 1540 298.
614 1493 825 1554 Interea]
862 1492 1255 1556 depravatissime
1295 1493 1403 1542 MS.
1451 1492 1739 1541 Interratem
1782 1496 2011 1552 temptare
2056 1492 2209 1539 undas
2250 1492 2393 1554 juba,

398 1568 592 1614 asperas
627 1562 674 1605 et
709 1573 832 1614 cnon,
867 1572 1016 1619 quem
1051 1573 1248 1605 versum
1281 1564 1469 1605 mutato
1506 1558 1674 1604 ordine
1698 1556 1917 1619 sequitur
1938 1556 2037 1612 ille,
2078 1554 2395 1619 Inventasque

399 1620 503 1668 alii.
571 1622 763 1669 Deinde
784 1622 998 1670 Assultat
1019 1620 1176 1671 lateri.
1258 1622 1440 1670 Versus
1477 1629 1643 1669 sutem
1674 1621 1758 1669 ille
1792 1623 1925 1669 Tunc
1958 1620 2047 1667 alti
2081 1619 2393 1669 desideratur.

396 1682 557 1732 Versu
577 1686 962 1749 antepenultimo
981 1687 1128 1748 hujus
1151 1686 1391 1734 asterismi
1412 1686 1541 1733 male
1563 1686 1747 1747 vulgati
1770 1686 1949 1733 habent
1970 1700 1993 1731 e
2006 1691 2133 1732 terra
2142 1686 2395 1746 jactantur

397 1751 452 1796 in
477 1750 643 1797 altum.
712 1751 856 1798 Male.
881 1751 934 1798 in
968 1751 1240 1813 penultimo
1275 1750 1598 1812 Manuscripti
1632 1752 1773 1811 punit
1806 1753 1852 1796 et
1882 1752 2082 1811 pellunt.
2148 1751 2283 1797 Bene
2316 1766 2393 1798 eos

397 1826 490 1875 pro
521 1821 568 1862 et
597 1814 694 1862 hos.
763 1815 929 1863 Habes
966 1816 1268 1863 variationes.
1337 1815 1447 1876 Ego
1468 1814 1559 1862 hos
1583 1830 1751 1862 versus
1772 1814 1841 1861 ita
1862 1822 1982 1877 puto
2004 1814 2389 1875 distinguendos,

397 1876 647 1939 legendos,
669 1880 1079 1941 transponendos:
1116 1880 1306 1928 Interea
1327 1884 1509 1926 tentare
1522 1878 1837 1939 undasy'uvat,
1861 1881 1937 1934 &a
1957 1878 2028 1926 uti
2042 1893 2171 1926 nunc
2196 1894 2252 1925 ex
2287 1894 2389 1925 res-

400 1941 576 1991 simus.
643 1942 759 1991 Non
796 1945 986 1991 videtur
1021 1951 1150 1993 recte
1171 1944 1469 1992 intellexisse
1502 1943 1627 1991 illud
1659 1944 1799 1990 Arati
1833 1940 1975 2006 ἥμεθ’
2007 1940 2087 1992 ἐπ’
2122 1942 2263 2006 αἰγια
2301 1942 2393 2001 οὓς

401 2005 755 2071 τετραμμένοι.
823 2008 1120 2067 Deprensum
1139 2012 1352 2056 carinam
1375 2008 1520 2065 dixit,
1551 2015 1608 2056 ut
1630 2007 1865 2055 Horatius
1888 2007 1997 2055 libr.
2022 2013 2091 2055 ΙΙ.
2120 2007 2279 2055 Carm.
2304 2007 2394 2056 Od.

405 2071 483 2128 16,
504 2087 550 2117 v.
573 2072 614 2119 l.
686 2074 846 2121 Otium
879 2075 1010 2121 divos
1038 2079 1176 2134 roqat
1206 2078 1258 2121 in
1286 2074 1472 2133 patenti
1504 2070 1716 2119 Prensus
1752 2072 1923 2133 AEyeo.
1990 2073 2061 2120 Et
2082 2072 2306 2119 Catullus
2325 2071 2394 2119 ad

408 2134 641 2183 Thallum
669 2150 778 2199 paq.
809 2138 886 2185 61.
953 2136 1025 2184 Et
1061 2139 1318 2186 insolenter
1349 2142 1529 2193 «estraes,
1570 2138 1697 2185 velut
1724 2139 1908 2184 minuta
1940 2152 2111 2199 mayno
2148 2136 2393 2196 Deprensa

399 2202 541 2246 navis
560 2202 616 2247 in
635 2203 777 2261 mari,
811 2203 1079 2250 vesaniente
1098 2208 1247 2250 vento.
1315 2202 1386 2248 Et
1403 2201 1507 2263 ipse
1528 2200 1655 2248 infra
1677 2216 1719 2248 v.
1740 2203 1852 2248 404.
1912 2200 2053 2257 Quod
2088 2203 2131 2248 si
2162 2202 2391 2261 deprensa:

402 2263 614 2311 turbabit
633 2266 782 2313 lintea
801 2269 985 2327 puppis.
1056 2267 1157 2314 Gn.
1223 2267 1326 2314 Cur
1364 2265 1575 2312 Aratum
1598 2280 1696 2313 non
1716 2264 2011 2313 intellexisse
2042 2266 2230 2313 dicatur
2268 2266 2391 2313 Ger-

401 2328 644 2387 manicae,
685 2344 785 2378 non
819 2331 938 2378 satis
967 2331 1222 2393 perspicio.
1300 2330 1554 2378 Devitavit
1584 2329 1779 2391 quidem
1820 2329 1979 2377 multa
2018 2329 2295 2377 duriuscule
2332 2331 2393 2377 ab

403 2392 556 2440 Arato
574 2394 718 2442 dicta.
755 2395 912 2456 Magis
925 2402 1087 2443 tamen
1106 2395 1270 2457 aliqua
1287 2395 1346 2442 ad
1371 2394 1572 2441 verbum
1591 2394 1855 2456 exprimere
1874 2394 2260 2455 potuit.—SCH.

401 2456 468 2504 In
488 2455 641 2514 terra]
665 2458 729 2506 A.
763 2458 1014 2507 Antei-rate
1043 2475 1156 2507 cum
1191 2460 1278 2507 lin.
1313 2474 1459 2520 super
1477 2458 1586 2521 syll.
1625 2465 1688 2506 te.
1723 2461 1778 2505 B.
1816 2458 1951 2505 Inter
1980 2464 2131 2507 ratem
2168 2464 2393 2519 temptare

401 2522 556 2568 undas
576 2522 701 2584 juba
735 2537 927 2583 asperas
963 2530 1008 2571 et
1041 2538 1148 2573 cum
1183 2525 1248 2573 G.
1286 2523 1475 2570 Interea
1509 2530 1689 2571 tentare
1718 2528 1810 2571 cet.
1838 2524 2027 2585 FPgsb.
2078 2523 2174 2571 Sed
2209 2526 2393 2571 Interea

406 2599 608 2647 prorsus
632 2587 842 2635 otiosum
864 2589 1070 2636 videtur.
1121 2590 1292 2650 Longe
1328 2594 1529 2650 proestat
1565 2587 1709 2635 lectio
1742 2587 1829 2635 Cd.
1870 2587 1963 2634 A.=
2000 2590 2032 2615 ‘⁴
2055 2588 2173 2635 dum
2193 2588 2245 2635 in
2268 2594 2395 2635 terra

403 2657 520 2697 sunt
551 2650 774 2699 homines
809 2655 933 2700 cet.’'
989 2655 1044 2700 ln
1078 2653 1169 2701 Cd.
1196 2655 1253 2701 G.
1290 2659 1400 2713 post
1431 2651 1566 2699 hunc
1587 2668 1630 2700 v.
1654 2658 1728 2699 est
1747 2667 1792 2699 v.
1816 2652 1926 2699 301.
1949 2658 2056 2701 tum
2078 2653 2191 2700 299.
2214 2652 2393 2700 omisso

402 2728 448 2761 v.
469 2715 619 2826 (δέξῃ
653 2717 737 2778 qui
759 2718 938 2765 excidit
957 2718 1104 2765 etiam
1127 2734 1153 2765 e
1178 2718 1265 2766 cd.
1292 2720 1346 2765 Β.
1370 2717 1627 2765 rectiorem
1646 2716 1890 2778 ceteroqui
1913 2717 2132 2764 ordinem
2154 2724 2393 2767 servante·

471 2844 583 2891 299.
618 2843 837 2892 Adsultat
859 2847 915 2892 B.
944 2844 1168 2893 Adsaltat
1185 2861 1423 2908 superscr.
1444 2859 1490 2893 u.
1516 2862 1544 2893 a
1566 2862 1661 2894 rec.
1682 2861 1751 2893 m.
1773 2845 2006 2894 A.—OR.

471 2908 584 2955 300.
626 2908 764 2956 Tunc
782 2907 897 2972 alii]
922 2909 982 2957 de
1002 2924 1049 2971 g.
1075 2912 1199 2971 conj.
1224 2926 1262 2957 s·
1302 2910 1439 2959 Tune
1462 2911 1553 2958 alti
1575 2910 1967 2971 AFPgb.—-OR..

469 2972 580 3019 303.
616 2973 657 3020 Α
681 2973 831 3036 terra]
859 2974 1060 3035 BGgsb.
1095 2989 1118 3020 e
1141 2979 1267 3022 terra
1291 2974 1396 3023 ΑΡ.
1437 2974 1610 3038 (Ibid.)
1630 2978 1683 3022 in
1697 2973 1820 3037 alto]
1841 2975 2007 3036 BGgs.
2047 2976 2099 3023 in
2119 2975 2271 3023 altum
2283 2972 2392 3022 ΑΡ.

407 3033 478 3098 (Ε
505 3036 594 3084 Cd.
622 3038 679 3086 F.
700 3038 822 3085 nihil
845 3045 1014 3085 contra
1034 3046 1251 3087 nostram
1263 3038 1374 3087 lect.
1398 3039 1809 3098 notatur.)—OR.

471 3101 584 3148 304.
622 3102 788 3150 Munit
807 3102 909 3164 eos]
933 3118 1007 3163 gs.
1052 3103 1222 3150 Munit
1239 3103 1388 3150 ethos
1408 3104 1541 3152 FPb.
1578 3104 1858 3152 Munithros
1895 3102 2009 3166 (sic)
2046 3101 2109 3150 A.
2146 3100 2301 3150 Punit
2319 3118 2395 3151 eos

405 3164 519 3211 BG.
569 3164 740 3227 (Ibid.)
771 3165 929 3228 pellit]
955 3167 1191 3227 AFPgsb.
1218 3168 1406 3229 pellunt
1426 3168 1712 3217 BG.-0P..

471 3230 584 3276 305.
618 3230 752 3277 Nam
779 3229 988 3292 tantum]
1026 3232 1180 3279 Recte
1202 3232 1272 3278 ita
1304 3232 1414 3280 MS.
1481 3231 1617 3279 Male
1652 3231 1836 3293 vulgati
1862 3228 1931 3278 Et
1952 3231 2398 3280 tantun—Gn.—

407 3291 554 3340 SCH.
689 3293 844 3356 Nam]
882 3296 1131 3357 ABGgsb.
1164 3296 1268 3343 Nec
1289 3297 1389 3344 FP.
1425 3297 1529 3343 Iaeto
1552 3296 1837 3343 BR—OR.

470 3358 581 3404 306.
617 3357 906 3420 Belliqerum
937 3358 1103 3421 Titan]
1130 3359 1224 3407 Pro
1246 3376 1466 3422 maqnum
1478 3359 1665 3421 vulgati
1683 3360 1863 3407 habent
1876 3362 2034 3408 etiam.
2103 3359 2199 3407 Pro
2221 3357 2394 3408 ducen-

406 3425 586 3483 temque
609 3424 798 3483 ferunt,
836 3424 950 3471 MS.
973 3425 1292 3487 lucentemque
1312 3427 1491 3486 serum.
1560 3424 1697 3487 Lego
1734 3424 1961 3486 Beuiqeri
2002 3422 2171 3483 Titan,
2204 3426 2279 3480 Asc.
2323 3425 2397 3471 uti

405 3499 538 3533 nunc
576 3487 790 3548 primum
828 3504 1112 3550 expressum
1153 3498 1240 3535 est.
1310 3493 1458 3537 Ferus
1480 3485 1507 3534 ὁ
1532 3487 1650 3551 φὴρ,
1690 3490 1819 3550 quod
1852 3496 2138 3537 centaurum
2178 3488 2395 3536 Homero

407 3548 1047 3610 significat—Gn.—SCH.
1186 3552 1434 3615 Belliyeri]
1471 3554 1531 3599 de
1556 3568 1603 3613 g.
1627 3554 1755 3614 conj.
1780 3553 1850 3600 sb.
1895 3554 2185 3616 Beltiyerum
2223 3552 2395 3600 ABG-

407 3612 541 3675 FPg.
578 3614 756 3673 (Ibid.)
796 3615 946 3664 Titan
978 3632 1199 3679 maynum
1221 3631 1368 3679 quum
1391 3616 1613 3679 contiqit]
1651 3618 1850 3680 BGgsb.
1894 3620 2037 3665 Titan
2070 3622 2215 3665 etiam
2252 3632 2398 3679 quum

406 3680 603 3739 eontiyit
623 3680 720 3727 FP.
761 3679 915 3729 Titan
935 3684 1079 3728 etiam
1100 3685 1299 3743 contiqit
1323 3682 1563 3729 A.-0R„

472 3743 585 3794 307.
622 3742 998 3807 Ducentemqne]
1036 3745 1271 3793 Similiter
1298 3746 1535 3794 Manilius
1560 3745 1649 3793 IV.
1670 3747 1763 3793 343
1785 3763 1796 3793 2
1831 3743 1897 3793 At
1920 3748 2001 3808 qui
2022 3750 2233 3792 contento
2254 3747 2396 3792 mini-

406 3810 534 3853 tatus
551 3808 734 3868 spicula
757 3823 899 3857 nervo
920 3808 1157 3871 Laniqero
1171 3812 1358 3872 primus
1385 3811 1533 3859 tradit
1566 3810 1650 3857 sub
1674 3811 1789 3872 jure
1826 3812 2016 3871 triyoni.
2092 3810 2209 3857 Haec
2231 3815 2397 3856 tamen

408 3875 458 3917 et
479 3870 761 3919 Germanici
780 3874 924 3920 verba
946 3881 1044 3921 tam
1065 3875 1194 3922 inter
1215 3890 1266 3923 se
1289 3875 1467 3922 similia
1489 3876 1651 3936 potius
1685 3876 1854 3935 figurae
1878 3882 1989 3921 ante
2013 3874 2177 3920 oculos
2200 3874 2395 3935 utrique

406 3934 669 3983 obversatae
691 3950 839 3998 quam
869 3938 1130 3986 imitationi
1152 3939 1406 3987 tribuenda
1429 3936 2395 3999 videntur.-SCH.—Ducentemque]

408 3997 1048 4125 &gggsholflneentemque
1087 4003 1201 4053 BG.
1233 4004 1403 4064 (Ibid.)
1441 4001 1636 4066 serum]
1672 4002 1785 4051 BG.
1819 4002 1972 4065 (prob.
2007 4001 2087 4066 g.)
2124 4002 2195 4050 sb.
2225 4003 2401 4065 serunt
