2992 4842
409 4820 514 4842 ffl-
511 4826 621 4839 -ruzffia-
632 4821 748 4835 ‘nabaz-a
758 4821 781 4831 :—
806 4821 818 4827 u-
833 4828 838 4829 t
848 4821 868 4829 nv

563 533 656 602 36
1365 555 1761 602 sannanim

565 717 787 774 unam,
816 696 888 760 in
917 695 1186 780 singulis
1212 696 1484 781 pedibus
1512 697 1817 782 singulas,
1844 697 1914 761 in
1942 697 2201 763 sinistro
2223 697 2387 782 pede
2416 696 2567 765 ulti.

565 805 694 846 mae
711 782 1034 846 distantiae
1056 803 1286 846 unam:
1335 805 1483 866 quae
1504 794 1767 847 vocatur
1786 782 2059 867 Propus.
2150 782 2352 848 Fiunt
2372 784 2567 848 simul

567 869 807 933 decem.
900 866 994 931 Hi
1023 878 1179 931 sunt
1217 868 1390 932 inter
1429 869 1760 932 duodecim
1796 869 1979 952 signa
2018 869 2261 932 zodiaci
2302 871 2565 933 circuli:

569 953 682 1018 sed
721 953 790 1016 in
829 952 1040 1018 medio
1079 953 1314 1016 circulo
1353 954 1787 1039 aequinoctiali
1826 954 2053 1038 tropici
2092 953 2403 1032 hiemalis,
2446 956 2564 1042 qui

571 1038 895 1103 Australis
926 1038 1306 1123 appellatur,
1337 1040 1460 1104 sita
1480 1051 1655 1103 sunt.

660 1123 904 1190 Cancer
931 1124 998 1187 in
1019 1125 1204 1187 astris
1221 1125 1468 1208 positus
1492 1147 1628 1188 esse
1652 1125 1905 1201 dicitur,
1928 1124 2241 1188 beneficio
2261 1124 2304 1188 J
2307 1127 2559 1203 unonis,

618 1210 746 1275 uod
785 1232 933 1274 cum
975 1207 1291 1274 Hercules
1327 1232 1471 1274 cum
1528 1209 1758 1295 Hydra
1794 1211 1876 1274 ad
1920 1211 2164 1274 fontem
2214 1210 2560 1275 Lernaeum

615 1305 990 1380 epugnaret,
1021 1293 1125 1358 hic
1171 1294 1415 1360 Cancer
1458 1295 1763 1360 Herculis
1804 1295 2034 1380 pedem
2074 1318 2291 1359 morsu
2334 1296 2561 1380 depre-

569 1380 818 1458 hendit,
852 1390 927 1445 ut
947 1379 1254 1464 Panyasis
1273 1391 1494 1445 auctor
1514 1380 1689 1458 dicit,
1764 1404 1909 1444 uem
1928 1381 2197 1445 miratus
2216 1380 2558 1460 Hercules,

571 1467 884 1531 calcatum
913 1466 1229 1540 contrivit,
1262 1466 1701 1550 beneficioque
1714 1403 2011 1530 (lunonis
2039 1467 2286 1550 magnis
2309 1466 2565 1532 honori-

569 1551 692 1616 bus
703 1553 1033 1616 decoratus
1047 1561 1163 1616 est.
1201 1550 1382 1616 Idem
1397 1552 1729 1616 duodecim
1742 1553 2067 1636 signorum
2080 1573 2347 1616 numero
2356 1575 2563 1617 annu-

569 1649 869 1704 meratus,
961 1634 1133 1701 Sunt
1149 1636 1218 1699 in
1238 1636 1356 1700 hoc
1373 1637 1557 1721 signo
1576 1637 1960 1714 aliaestellae,
1982 1659 2140 1723 quas
2162 1638 2380 1701 Graeci
2400 1639 2562 1708 ὄνους

569 1723 814 1800 dicunt,
834 1721 1008 1806 quod
1031 1744 1175 1786 cum
1195 1720 1394 1786 Liber
1408 1747 1447 1787 a
1464 1723 1508 1786 J
1512 1744 1725 1788 unone
1746 1723 1995 1788 insania
2014 1723 2264 1807 objecta
2284 1723 2559 1806 fugeret,

570 1809 654 1872 ad
681 1830 978 1872 occursus
1010 1805 1328 1872 Dodonaei
1357 1807 1556 1886 Jovis,
1588 1811 1859 1894 ejusque
1884 1808 1951 1871 in
1984 1809 2223 1892 templo
2253 1830 2559 1892 responsa

569 1905 845 1979 peteret,
875 1906 951 1958 ut
983 1891 1300 1958 Philiscus
1328 1895 1547 1971 refert,
1573 1895 1787 1978 magni
1812 1895 2047 1958 imbres
2076 1916 2221 1957 cum
2250 1893 2561 1976 grandine

571 1980 696 2042 orti
743 1989 916 2056 sunt,
969 2001 1044 2042 ea
1071 1991 1254 2062 parte
1296 2001 1424 2063 qua
1469 1980 1854 2043 transiturus
1902 1991 2039 2043 erat
2066 2005 2081 2056 3
2128 1979 2321 2043 asinis
2346 2001 2381 2042 e
2412 2001 2564 2042 con-

571 2065 767 2128 trario
796 2065 1276 2129 transeuntibus
1307 2087 1424 2150 per
1453 2085 1673 2150 aquas,
1702 2064 1771 2129 in
1801 2087 1933 2128 uno
1965 2087 2051 2128 ex
2077 2064 2177 2127 his
2225 2065 2451 2128 sedens
2492 2075 2563 2128 et

569 2150 709 2298 igse
738 2159 1134 2214 transvectus
1163 2161 1262 2213 est
1291 2151 1428 2214 sine
1450 2150 1757 2235 periculo,
1780 2161 1846 2214 et
1864 2150 1945 2214 ab
1966 2150 2212 2213 insania
2232 2150 2558 2213 liberatus.

643 2235 712 2298 ni
741 2247 956 2299 autem
986 2257 1073 2299 ex
1091 2234 1192 2298 his
1222 2235 1503 2299 effecisse
1534 2235 1788 2312 dicitur,
1832 2247 1909 2298 ut
1940 2257 2091 2298 voce
2137 2235 2420 2298 humana
2467 2235 2563 2297 lo-

571 2331 900 2406 queretur,
933 2333 1000 2384 et
1017 2331 1165 2405 post
1180 2343 1455 2405 paucum
1479 2331 1735 2405 tempus
1752 2343 1898 2386 cum
1919 2319 2155 2404 Priapo
2175 2320 2563 2384 contendere

571 2407 771 2490 coepit
791 2407 869 2470 de
889 2407 1178 2470 membro
1189 2407 1487 2471 naturali.
1580 2405 1855 2490 Priapus
1866 2428 2292 2490 compressum
2308 2407 2563 2468 asinum

571 2492 824 2556 occidit.
914 2491 957 2555 J
957 2491 1090 2555 ovis
1107 2503 1326 2556 autem
1343 2492 1655 2556 beneficio
1672 2492 1931 2576 utrique
1954 2491 2297 2555 immortali
2320 2490 2561 2554 honore

571 2576 792 2641 donati
820 2577 1004 2641 astris
1035 2587 1190 2641 sunt
1215 2577 1400 2642 illati.
1491 2577 1617 2641 Est
1649 2587 1715 2640 et
1745 2577 1945 2641 altera
1972 2577 2171 2660 erige,
2204 2599 2351 2661 quae
2373 2576 2561 2639 infer-

573 2677 683 2726 tur
711 2663 792 2727 ab
823 2661 1001 2726 aliis:
1047 2662 1220 2746 quod
1250 2685 1400 2727 cum
1439 2663 1735 2726 adversus
1764 2663 2057 2746 gigantes
2086 2662 2175 2724 dii
2203 2661 2440 2724 bellum
2494 2685 2565 2724 a·

570 2759 820 2832 gerent,
850 2748 1022 2811 idem
1055 2747 1252 2811 Liber
1280 2759 1348 2811 et
1375 2747 1709 2812 Vulcanus
1740 2759 1807 2811 et
1832 2747 2049 2831 Satyri
2074 2748 2265 2810 asinis
2288 2747 2563 2810 insiden-

572 2845 669 2898 tes
698 2833 965 2919 profecti
993 2843 1147 2897 sunt
1173 2833 1254 2896 ad
1281 2855 1587 2917 pugnam.
1679 2832 1875 2899 Quod
1896 2855 2103 2916 genus
2120 2833 2255 2895 viso
2274 2831 2562 2896 tumultu

571 2919 732 2996 dire,
764 2942 908 2982 cum
937 2941 1265 2983 murmure
1294 2919 1640 3001 rugissent,
1670 2920 1961 3002 gigantes
1990 2941 2209 2981 eorum
2240 2940 2389 2981 voce
2430 2929 2560 2980 ter-

570 3004 682 3068 riti
727 3004 1057 3088 fugerunt,
1107 3014 1175 3067 et
1211 3002 1548 3067 confestim
1577 3004 1667 3067 dii
1696 3005 1776 3068 de
1805 3003 2171 3088 gigantibus
2208 3001 2561 3087 triumpha-

569 3101 802 3154 verunt
832 3115 848 3168 ς
897 3100 964 3154 et
1007 3089 1240 3153 idcirco
1287 3111 1417 3152 una
1462 3111 1609 3152 cum
1648 3089 1961 3174 praesepio
2012 3111 2127 3152 suo
2174 3089 2359 3152 astris
2409 3099 2561 3151 sunt

569 3174 752 3253 illati,
787 3186 853 3238 et
881 3175 948 3237 in
981 3174 1164 3257 signo
1195 3174 1426 3238 nobilis
1457 3172 1693 3239 Cancri
1722 3175 1937 3259 positi,
1966 3175 2148 3259 cujus
2180 3195 2434 3237 cursum
2478 3175 2561 3236 ad

571 3281 860 3324 occasum
892 3260 1120 3323 tendit.
1201 3258 1423 3323 Habet
1445 3271 1658 3324 autem
1680 3260 1895 3324 stellas
1917 3260 1987 3323 in
2007 3260 2303 3322 cornibus
2320 3259 2559 3322 anteri-

571 3345 790 3408 oribus
838 3345 994 3409 duas
1039 3345 1262 3422 claras„
1311 3355 1378 3408 et
1419 3357 1552 3409 tres
1581 3347 1907 3420 obscuras,
1957 3367 2105 3428 quae
2152 3344 2561 3429 appellantur

573 3427 642 3492 N
644 3430 893 3494 ubilum
919 3454 936 3494 τ
983 3431 1156 3514 quod
1182 3431 1348 3494 circa
1375 3452 1525 3494 eum
1554 3431 1827 3507 videtur,
1861 3428 2255 3514 Praesepium
2288 3429 2521 3493 dicitur
2540 3453 2559 3492 ε

569 3514 640 3577 in
671 3537 778 3578 ore
808 3537 1028 3592 unam,
1057 3516 1124 3579 in
1155 3515 1401 3579 dextris
1427 3516 1701 3600 pedibus
1732 3515 2047 3599 singulas:
2096 3525 2249 3579 sunt
2281 3525 2565 3598 quatuor

569 3601 894 3678 obscurae3
941 3601 1010 3663 in
1067 3601 1337 3665 sinistris
1394 3602 1636 3686 priores
1687 3602 1885 3664 claras
1933 3601 2113 3679 duas,
2157 3600 2226 3662 in
2278 3599 2561 3663 secundo

568 3707 787 3764 unam,
819 3687 889 3750 in
918 3687 1110 3749 tertio
1143 3708 1359 3763 unam,
1376 3687 1446 3749 in
1470 3698 1765 3752 extremo
1785 3685 2031 3750 minore
2056 3706 2269 3761 unam,
2294 3686 2365 3748 in
2392 3695 2559 3748 testa

570 3771 748 3837 duas.
841 3770 1009 3835 Sunt
1041 3794 1260 3834 omnes
1292 3769 1493 3836 XVI.

542 3929 548 3935 ,
657 3856 795 3920 Leo
839 3857 1150 3920 beneficio
1196 3856 1238 3919 J
1241 3857 1470 3920 unonis
1516 3857 1685 3920 inter
1715 3865 1883 3920 astra
1910 3855 2253 3919 collocatus
2300 3854 2554 3930 dicitur,

570 3965 647 4005 eo
673 3943 845 4026 quod
865 3942 1106 4008 virtute
1129 3953 1390 4007 caeteras
1409 3942 1755 4026 praecellat.
1845 3941 2235 4006 Periandrus
2259 3939 2555 4003 Rhodius

567 4027 786 4105 refert,
817 4050 966 4091 eum
995 4029 1078 4094 ob
1106 4028 1346 4112 primos
1373 4029 1620 4093 labores
1652 4026 1975 4109 HerculiS,
2004 4026 2327 4091 memoriae
2345 4047 2560 4103 causa,

862 4283 886 4314 1

1771 4825 2161 4838 ———-——.———
