2992 4842
580 524 658 576 xii
1244 539 1531 577 pann—*uxo
1558 539 1933 578 scnwan'rzn.

581 669 723 724 Susii
761 668 1152 737 manuscriptus
1185 668 1366 734 codex,
1399 675 1517 722 tum
1540 669 1779 722 divinum
1804 669 1976 724 Grotii
1996 670 2271 740 ingenium
2309 670 2494 723 multis
2514 670 2569 722 in

577 741 706 794 locis
725 739 948 792 mirifica
961 755 1052 808 spe
1073 739 1407 793 restituendae
1420 739 1658 793 lectionis
1680 757 1941 809 germanae
1961 741 2251 811 praelucent
2271 740 2570 794 editoribus,

579 811 720 865 Mihi
735 809 950 879 quidem
971 809 1214 862 universa
1234 808 1345 862 haec
1372 810 1615 879 proesidia
1634 811 1791 880 longe
1812 810 2180 881 antiquissima
2199 811 2431 876 fuerunt,
2452 818 2506 863 et
2528 811 2573 862 si

578 897 964 950 usquequaque
1001 879 1462 949 circumspectione
1483 897 1617 1002 osus
1637 888 1762 934 erat.
1836 881 1910 934 Et
1928 899 1964 934 a
1985 881 2169 935 Grotio
2207 881 2422 950 quidem
2445 897 2571 934 cum

578 951 722 1022 quod
761 950 830 1003 ad
869 949 1212 1019 conjecturas,
1251 957 1368 1003 tum
1407 967 1515 1018 quo
1572 951 1642 1003 ad
1676 958 1829 1004 notas
1866 952 2104 1021 pertinet,
2141 950 2387 1006 dissidere
2420 951 2575 1020 coepi,

578 1022 783 1090 quoties
828 1021 1087 1090 graviores
1133 1037 1306 1073 causae
1352 1037 1486 1089 quas
1536 1019 1642 1074 fere
1694 1022 1968 1091 subjunxi,
2024 1023 2325 1092 coEgerunt.
2432 1021 2575 1074 Sunt

577 1099 756 1146 autem
791 1107 963 1144 causae
997 1089 1104 1142 illae
1142 1090 1225 1142 vel
1264 1091 1412 1144 Arati
1450 1107 1635 1156 serm0,
1671 1108 1829 1160 quem
1866 1109 1900 1144 a
1939 1092 2254 1145 Germanico
2289 1108 2398 1144 non
2417 1091 2573 1144 intel-

575 1163 775 1215 lectum
810 1177 921 1214 esse
953 1159 1116 1234 nimis
1159 1161 1336 1213 crebro
1375 1177 1439 1214 su
1504 1161 1673 1215 ’catur
1703 1160 1937 1228 Grotius,
1982 1162 2066 1216 vel
2110 1163 2383 1245 scriptores
2420 1179 2572 1215 curae

575 1233 686 1286 tius
706 1232 763 1284 in
800 1248 854 1284 re
895 1231 1130 1300 qualibet
1164 1232 1371 1296 versati,
1411 1249 1474 1284 ve
1534 1249 1615 1284 res
1654 1233 1783 1302 ipsa.
1856 1231 2005 1286 Nihil
2038 1233 2205 1302 igitur
2226 1249 2282 1284 in
2324 1249 2572 1285 versuum

576 1307 886 1356 contextum
909 1317 992 1354 rec
1058 1301 1094 1366 i,
1116 1301 1218 1353 nisi
1240 1301 1383 1370 quod
1405 1308 1503 1354 aut
1519 1301 1680 1355 dubio
1698 1310 1909 1368 careret,
1932 1310 2027 1356 aut
2042 1304 2321 1356 necessitas
2340 1302 2572 1372 postula-

578 1379 670 1426 ret.
742 1371 888 1424 Nam
905 1372 957 1422 n‘
1000 1371 1012 1384 ‘
1061 1387 1241 1424 eorum
1265 1371 1507 1442 recipere,
1526 1388 1644 1441 quae
1668 1374 2029 1442 germanitatis
2051 1372 2331 1443 cujusdam
2345 1373 2577 1440 insignia

576 1450 830 1512 gererent,
851 1441 1078 1495 stultitia
1097 1440 1385 1494 videbatur.
1458 1441 1620 1495 Ratio
1636 1443 1777 1496 enim
1798 1443 1923 1511 plus
1946 1443 2116 1496 valere
2138 1443 2305 1508 debet,
2322 1451 2386 1496 ut
2409 1442 2575 1495 Bent-

574 1513 741 1566 leium
763 1514 939 1578 etiam,
963 1510 1303 1565 Perizonium
1327 1529 1389 1565 ac
1411 1512 1865 1581 praestantissimos
1888 1530 2125 1582 quosque
2148 1513 2283 1565 viros
2306 1520 2359 1565 et
2380 1513 2571 1565 sentire

576 1591 631 1637 et
667 1581 836 1635 facere
880 1581 1046 1648 vide0‚
1092 1598 1254 1651 quam
1299 1582 1652 1652 complurium
1695 1583 2026 1636 librariorum
2065 1583 2299 1636 ridiculae
2336 1583 2572 1636 insaniae.

577 1653 684 1707 Sed
699 1670 766 1706 ne
783 1670 852 1706 ex
867 1669 930 1705 ea
947 1669 1002 1705 re
1015 1652 1311 1722 periculum
1329 1653 1505 1705 ullum
1523 1653 1783 1720 existeret,
1796 1654 2008 1724 ineptiae
2022 1654 2353 1706 librariorum
2372 1669 2574 1722 semper

575 1723 828 1792 subjectis
861 1723 998 1776 notis
1021 1729 1147 1776 sunt
1221 1724 1481 1791 raemissae,
1553 1724 1611 1776 Si
1649 1725 1875 1794 margini
1911 1724 2147 1778 licuisset
2184 1722 2490 1790 adscribere,
2512 1730 2575 1775 ut

576 1793 796 1847 Grofius
815 1792 956 1915 Ῡῖοἰῐ,
976 1809 1148 1846 comm
1219 1793 1302 1846 'us
1322 1793 1379 1846 id
1399 1793 1572 1847 multo
1592 1793 1794 1861 fuisset,
1835 1811 1979 1848 nunc
2002 1794 2315 1864 paginarum
2339 1794 2572 1863 spatium

576 1881 684 1917 non
800 1864 845 1916 'e
881 1871 1016 1917 atur.
2460 1873 2465 1876 “

645 1872 817 1987 Ngffi
852 1951 994 1986 meas
1016 1933 1264 1987 brevitate
1297 1933 1736 1987 commendabiles
1757 1951 1868 1987 esse
1888 1935 2051 2000 volui,
2074 1935 2246 1987 citatis
2268 1935 2573 1987 auctoribus

613 2005 673 2058 ui
711 2003 1016 2073 diligentius
1053 2020 1132 2056 res
1155 2021 1394 2072 quasque
1432 2011 1833 2074 persequuntur.
1905 2005 2094 2057 Aliena
2130 2005 2307 2057 omnia
2343 2003 2576 2056 studiose

637 2075 724 2144 git
761 2075 1029 2144 opiniones
1066 2090 1203 2139 vero,
1225 2073 1295 2125 ad
1329 2091 1464 2142 quas
1500 2090 1788 2127 sermonem
1828 2074 2171 2128 conformavit
2211 2075 2575 2138 GermanicuS,

574 2151 828 2198 annotare
882 2143 1128 2196 laboravi.
1224 2143 1314 2210 Et,
1350 2151 1413 2198 ut
1452 2145 1830 2198 alienissimum
1868 2161 1979 2198 esse
2018 2163 2103 2198 me
2142 2144 2464 2198 ostenderem
2505 2145 2583 2196 ab

575 2231 758 2268 eorum
771 2213 1168 2279 consuetudine,
1183 2215 1377 2282 quibus
1399 2222 1583 2268 auctor
1598 2231 1729 2267 suus
1751 2214 1856 2268 fere
1878 2215 2028 2268 Deus
2046 2222 2140 2281 est,
2155 2231 2291 2285 saepe
2306 2213 2576 2284 judicium

574 2285 862 2408 idniterposui
882 2301 1079 2350 meum,
1101 2301 1270 2353 quum
1292 2285 1377 2338 vel
1398 2286 1594 2338 Aratus
1615 2285 1697 2338 vel
1721 2284 2069 2339 Germanicus
2106 2286 2381 2355 ingenium
2404 2293 2576 2338 osten-

648 2425 918 2494 Imagines
941 2423 1129 2490 Grofii‚
1152 2441 1322 2493 quum
1361 2425 1593 2478 veritatis
1614 2443 1643 2478 c
1752 2425 1899 2478 ‘tioni
1965 2424 2220 2478 lurimum
2258 2426 2448 2491 obsint,
2472 2442 2577 2478 res-

576 2494 864 2550 cindendas
879 2495 1080 2565 putavi,
1096 2495 1380 2564 praesertim
1397 2511 1523 2548 cum
1544 2512 1612 2548 ex
1696 2496 1855 2565 ygino
1946 2496 2161 2558 unckeri
2184 2503 2384 2564 queant
2397 2495 2577 2565 repeti,

575 2567 622 2618 si
643 2566 764 2634 quis
787 2565 1073 2618 delectetur
1092 2565 1353 2635 pictorum
1375 2566 1698 2618 commentis.
1772 2566 1841 2618 In
1864 2583 2046 2618 eorum
2070 2564 2248 2619 locum
2274 2564 2577 2618 Schickardi

577 2635 968 2704 Astroscopium
1009 2635 1274 2700 substitui,
1312 2634 1456 2704 quod
1494 2637 1562 2687 ab
1600 2635 1799 2688 artifice
1846 2652 1993 2706 spero
2035 2637 2131 2688 rite
2170 2643 2475 2706 expressum
2496 2637 2580 2702 iri,

576 2723 704 2759 nam
726 2722 896 2775 quum
917 2704 1030 2759 haec
1065 2705 1369 2772 scribebam,
1407 2705 1646 2758 nondum
1684 2707 1946 2776 specimen
1969 2705 2085 2776 ejus
2105 2705 2176 2760 ad
2196 2723 2291 2759 nos
2313 2713 2425 2760 erat
2445 2706 2577 2759 allae

649 2845 920 2900 Editiones
960 2844 1262 2898 Germanici
1283 2845 1447 2898 nostri
1469 2853 1524 2898 et
1560 2845 1777 2899 Grotius
1812 2846 1977 2912 docet,
1999 2853 2053 2899 et
2091 2846 2379 2911 FabriciuS,
2412 2846 2493 2899 vir
2513 2847 2576 2913 is,

578 2917 673 2986 qui
691 2917 1014 2969 literatorum
1037 2916 1322 2969 commodis
1345 2933 1503 2969 suum
1526 2917 1732 2986 egregie
1754 2915 1895 2969 dicat
1916 2917 2168 2970 studium.
2227 2916 2345 2986 Ego
2363 2925 2576 2970 tantum

575 2987 768 3040 addam
811 2985 1093 3039 editionem
1134 2985 1548 3055 Lugdunensem
1584 2986 1623 3039 J
1624 2988 1811 3039 oannis
1832 2987 1897 3040 de
1930 2986 2187 3053 Gabian0‚
2210 3003 2329 3056 quae
2352 2988 2451 3040 etsi
2472 2988 2573 3039 An.

577 3057 724 3124 010.
748 3056 892 3126 100.
915 3055 1080 3109 VIII.
1103 3056 1277 3109 lucem
1299 3055 1460 3122 vidit„
1506 3057 1725 3110 rioribus
1742 3064 1919 3110 tamen
1940 3056 2254 3110 editionibus
2276 3057 2409 3110 nihil
2430 3057 2575 3128 adje-

577 3128 666 3194 cit,
688 3134 742 3180 et
761 3126 1034 3196 praeclaras
1055 3125 1435 3180 admonitiones
1514 3127 1632 3180 rotii
1652 3127 1901 3196 neglexit.

649 3197 846 3250 Praeter
865 3196 1056 3249 Aratea
1073 3196 1425 3250 Phaenomena
1447 3203 1502 3250 et
1522 3197 1817 3250 Diosemeia
1839 3197 2140 3250 Germanici
2159 3197 2393 3250 invenies
2414 3197 2573 3250 efiam

577 3266 1024 3407 ssiffliss
1033 3266 1863 3407 zaegssassssffiffissffiffi
1880 3267 2575 3406 {xfi‘ss‘ff'affissffiffiffi

578 3407 818 3473 dixerim,
840 3407 977 3460 istuc
997 3413 1051 3459 te
1072 3406 1258 3476 allego.

649 3476 1022 3531 Desideramus
1059 3476 1214 3530 hodie
1248 3476 1421 3530 multa
1458 3477 1558 3530 scri
1595 3484 1652 3530 ta
1688 3494 1814 3530 cum
1852 3478 2090 3531 omnium
2130 3478 2420 3544 Coesarum,
2451 3485 2573 3531 tum

576 3547 633 3600 in
689 3547 834 3600 rimis
856 3546 1171 3600 Germanici.
1244 3546 1432 3616 Hujus
1456 3549 1551 3618 qui
1587 3564 1671 3600 em
1710 3546 2001 3617 deperditos
2022 3548 2181 3600 libros
2203 3555 2575 3602 commemorat

576 3565 871 3672 inXustrius
885 3616 992 3683 ille,
1016 3634 1175 3687 quem
1189 3617 1476 3671 identidem
1493 3616 1791 3671 collaudare
1804 3619 1978 3688 juvat,
2001 3618 2287 3672 Fabricius.
2360 3617 2573 3680 Quibus

577 3688 824 3758 equidem
861 3687 1022 3756 adjici
1042 3688 1198 3741 velim
1222 3705 1431 3741 carmen
1454 3688 1519 3742 de
1542 3703 1677 3758 equo
1717 3688 1955 3754 CaesariS,
1976 3689 2066 3742 cui
2087 3689 2359 3742 tumulum
2380 3687 2575 3742 fecerat

575 3759 868 3830 Augustus.
941 3757 1081 3811 Plin.
1103 3758 1268 3812 VIII.
1293 3777 1338 3812 c.
1361 3763 1447 3811 42.

601 3897 673 3933 AN
701 3896 1071 3933 cssamanrcus
1097 3896 1266 3932 nausr
1292 3895 1338 3932 ιτ.
1363 3895 1449 3936 srr
1474 3894 1700 3931 accron
1726 3892 2138 3932 ΡΗΒΝΟΜΕΝΟΝ
2166 3892 2533 3930 ammonam.

649 3975 734 4028 Ne
755 3983 977 4029 veterem
1019 3974 1298 4028 Editorum
1337 3990 1535 4026 morem
1572 3981 1763 4026 temere
1802 3972 2088 4026 deseruisse
2125 3972 2319 4038 videar,
2340 3972 2571 4042 primum

577 4047 977 4102 controversiam
999 4045 1065 4098 de
1105 4045 1435 4112 Germanico,
1456 4050 1592 4109 tum,
1613 4061 1676 4096 ea
1698 4043 1948 4109 discussa,
1971 4044 2133 4097 vitam
2155 4044 2273 4113 ejus
2294 4044 2568 4112 attingam.
