2992 4842
1096 587 1167 623 An
1191 586 1551 622 Pannona-NA
1573 585 1812 621 Anares.
2346 572 2450 620 xlvi

447 720 550 763 est·
585 714 716 777 apud
751 714 938 777 Scorpii
977 728 1183 761 acumen
1217 713 1436 761 invenies
1475 711 1740 760 australem
1776 726 1907 758 aram
1945 709 2217 773 oppositam
2257 709 2442 761 Bootae.

447 780 543 827 Sed
579 787 760 841 quanto
798 779 883 827 ille
921 779 1106 827 tardius
1145 778 1336 835 occidit,
1374 783 1509 825 tanto
1534 777 1759 825 arctiores
1781 783 1896 823 sunt
1916 784 2060 823 metae
2082 791 2210 823 arae·
2246 776 2364 824 adeo
2388 785 2444 826 ut

444 844 530 892 vix
573 852 735 892 ortum
777 844 855 901 sit,
902 844 1022 906 quin
1065 844 1229 891 statim
1270 843 1450 890 iterum
1494 842 1698 890 occidat.
1764 841 1985 888 Similem
2020 840 2234 903 phrasin,
2271 841 2323 888 in
2347 856 2445 904 qua

444 917 624 970 quanto
649 916 698 956 et
717 914 850 957 tanto
872 924 988 956 cum
1012 907 1364 970 comparativis
1378 913 1641 969 ponuntur,
1680 906 1829 953 habes
1850 921 1997 968 supra
2017 921 2063 953 v.
2086 906 2212 953 226.
2252 905 2442 962 Quanto

443 972 654 1021 breviore
672 973 910 1036 Lycaonis
929 980 1082 1021 arctos
1102 973 1252 1020 Axem
1274 978 1385 1019 actu
1404 976 1601 1033 torquet,
1638 976 1771 1018 tanto
1800 972 2042 1033 pernicior
2070 971 2153 1019 ille
2196 973 2443 1019 Distantes

441 1053 582 1085 cursu
613 1044 847 1101 properat
880 1040 1144 1101 continqere
1177 1042 1341 1084 metas.
1413 1037 1490 1084 Ita
1511 1035 1645 1084 enim
1666 1035 2047 1085 emendavimus.
2114 1036 2227 1085 Quo
2252 1051 2312 1083 ex
2333 1036 2441 1084 loco

441 1102 592 1149 etiam
622 1104 793 1166 liquet,
831 1104 948 1165 quid
980 1109 1123 1150 vocet
1150 1108 1300 1149 metas
1319 1101 1447 1163 signi
1467 1100 1691 1162 alicujus,
1726 1100 1911 1147 scilicet
1934 1099 2029 1147 duo
2051 1114 2231 1163 puncta
2253 1098 2439 1148 ἀνατο-

439 1164 592 1214 λικὸν
627 1176 677 1215 et
709 1164 932 1224 δυτικὸν,
974 1182 1084 1229 quae
1103 1167 1156 1214 in
1182 1167 1450 1247 Horizonte
1480 1165 1822 1227 imaginamur.
1860 1164 2034 1212 Gaor.
2098 1164 2265 1227 Notis]
2304 1166 2440 1214 Male

437 1231 645 1294 vulgati,
673 1236 822 1280 novis.
886 1232 1032 1279 Notis
1066 1230 1308 1294 σημείοις,
1347 1246 1444 1278 non
1478 1229 1663 1285 νότοις.
1668 1230 1821 1277 —Gn
1826 1228 2059 1277 ..—SCH
2190 1230 2441 1279 Omittunt

439 1310 518 1345 vv.
543 1297 773 1346 3942413.
810 1297 902 1344 Cd.
929 1296 991 1344 E.
1059 1296 1256 1343 Omittit
1279 1311 1350 1343 vv.
1377 1297 1494 1343 394-
1500 1298 1613 1343 445.
1650 1295 1740 1343 Cd.
1765 1294 1823 1341 B.
1892 1294 2141 1341 Omittunt
2172 1310 2247 1342 v.v
2271 1296 2367 1343 394
2391 1303 2439 1344 et

441 1361 552 1408 395.
588 1361 740 1409 AFP.
809 1362 944 1423 Ergo
965 1361 1018 1409 hi
1039 1360 1134 1409 duo
1157 1361 1247 1407 soli
1271 1360 1361 1409 Cd.
1389 1360 1452 1409 G.
1473 1361 1727 1408 debentur.
1729 1358 1907 1407 -ΟΒ,

505 1426 621 1473 396.
659 1424 890 1474 occasum
911 1432 1044 1473 tanto
1069 1426 1131 1473 G.
1155 1440 1251 1474 om.
1273 1440 1318 1472 v.
1337 1428 1505 1486 tangit.
1571 1423 1742 1487 (Ibid.)
1776 1430 1909 1471 tanto
1931 1421 2104 1485 maqis]
2144 1423 2263 1471 Gsb.
2304 1430 2437 1471 tanto

372 1534 378 1539 .
436 1492 674 1602 XPmayis
698 1490 996 1603 :4123er
1022 1491 1076 1538 F.
1100 1504 1209 1602 uon
1234 1490 1350 1537 satis
1389 1498 1594 1601 corzstat.
1601 1488 1863 1603 )OI{,Ibid.)
1898 1486 2037 1550 artce]
2076 1488 2180 1535 (ΞΛ
2216 1489 2287 1537 sb.
2333 1495 2437 1537 arte

615 1570 698 1602 arc
718 1572 742 1601 e
986 1570 1091 1612 nos,
1134 1570 1159 1602 e
1266 1570 1318 1601 ro
1353 1570 1461 1601 osm
1556 1581 1612 1589 —

409 1604 417 1611 Α
501 1571 615 1671 3897.
653 1617 902 1697 Turibuli]
938 1568 1733 1698 G.(probffg3l3s11›>.Tm-ffbulum
1708 1633 1757 1681 g.
1802 1616 2031 1665 Turibulo
2053 1616 2202 1665 AFP.
2269 1616 2436 1678 (Ibid.)

433 1682 540 1745 vix]
603 1684 721 1732 Gsb.
776 1688 827 1731 vi
860 1685 924 1732 A.
978 1687 1050 1731 vis
1081 1685 1136 1731 F.
1191 1688 1288 1732 vim
1323 1684 1412 1745 Pg.
1500 1683 1670 1743 (Ibid.)
1732 1680 1917 1743 caelum]
1972 1682 2063 1729 Gs.
2126 1683 2235 1729 coelo
2270 1681 2432 1743 FPgb.

434 1748 605 1808 (Ibid.)
636 1747 855 1811 suspicit]
897 1749 1016 1796 Gsb.
1049 1750 1244 1811 suscipit
1267 1747 1407 1810 APg.
1443 1748 1544 1810 (De
1571 1748 1624 1795 F.
1646 1762 1745 1795 non
1766 1748 1883 1796 satis
1906 1746 2312 1805 constat.)-OR.

500 1815 613 1861 398.
655 1814 834 1861 Tactu‘
841 1814 1204 1875 ‘Alii'’apudg.
1218 1813 1364 1875 (Ibid.
1357 1764 1691 1874 g>demittitur]
1710 1828 1748 1859 s.
1766 1814 2023 1860 dimittitur
2036 1810 2248 1872 AFPgb.
2254 1811 2430 1858 —OR.

499 1880 614 1927 400.
658 1878 748 1925 Vix
767 1880 932 1927 caelum
951 1877 1171 1941 suspicit]
1211 1878 1271 1925 Id
1295 1884 1384 1934 est,
1421 1878 1502 1924 vix
1535 1876 1839 1924 horizontem
1872 1875 2236 1937 transgreditur,
2275 1891 2429 1937 quum

435 1943 652 1991 occidere
685 1949 927 2005 properat.
1011 1942 1144 1991 Hinc
1183 1942 1326 1990 ovid.
1362 1942 1569 1990 Metam.
1591 1942 1666 1989 ΙΙ.
1707 1942 1814 1999 139,
1846 1956 2057 2003 pressam
2094 1947 2262 1988 vocat.
2298 1940 2430 1987 Neve

431 2009 698 2057 sinisterior
725 2022 934 2070 pressam
956 2013 1061 2054 rota
1085 2010 1226 2057 ducat
1245 2006 1304 2054 ab
1327 2022 1467 2055 aram
1481 2023 1496 2053 .·
1530 2007 1656 2069 quod
1680 2006 1740 2053 ab
1760 2006 2015 2053 meridiem
2036 2005 2183 2052 nimis
2204 2005 2431 2067 depressa

431 2072 575 2119 facile
613 2070 1339 2135 disparet.—SCH.——-notis]
1392 2072 1545 2133 Ggsb.
1596 2075 1731 2119 novis
1763 2071 1821 2120 F.
1866 2070 2006 2117 Jovis
2039 2070 2095 2117 P.
2162 2070 2359 2117 Omittit
2380 2084 2431 2117 v.

497 2137 910 2263 401A1nter103⁸epta
932 2202 963 2249 l.
990 2202 1046 2250 F.
1080 2204 1287 2250 numeris
1310 2200 1373 2249 A.
1404 2216 1627 2249 numerus
1662 2202 1693 2226 ‘⁸
1717 2198 1849 2247 Alii'’
1874 2200 2003 2262 apud
2024 2198 2251 2261 g.-—OR..

497 2268 616 2314 402.
651 2267 830 2315 Caetera
861 2264 990 2327 coeli]
1027 2266 1141 2313 MS.
1162 2272 1387 2328 tempora,
1420 2265 1567 2313 male.
1579 2265 1734 2312 -GR.
1740 2264 1956 2312 —SCIL
1962 2268 2295 2327 ——tempora
2328 2263 2429 2311 caeli

434 2330 498 2378 G.
527 2332 664 2393 prob.
687 2331 829 2379 Voss.
849 2330 910 2377 ad
930 2331 1212 2392 Aratum,p
1215 2330 1391 2393 7398
1460 2329 1660 2377 Omittit
1682 2344 1723 2377 v.
1743 2331 1854 2376 402.
1887 2329 1952 2375 A.
1955 2327 2132 2376 -ΟΒ,

443 2397 609 2443 -.403
645 2396 908 2457 Splendore
941 2393 1126 2457 timeto]
1164 2395 1244 2443 Ita
1215 2346 1477 2456 agvulgati.
1542 2394 1653 2442 MS.
1676 2396 1937 2456 splendenti
1960 2393 2269 2441 metuendum.
2338 2392 2427 2440 In-

432 2418 578 2508 dubie
610 2461 874 2523 legendum
906 2460 1170 2521 splendente
1204 2460 1481 2509 timendum.
1549 2458 1632 2506 Ex
1654 2459 2023 2520 transpositione
2058 2464 2107 2505 et
2144 2459 2427 2521 repetitione

431 2539 576 2583 error,
625 2541 687 2572 an
721 2541 748 2573 e
781 2524 943 2587 glossa
960 2524 1153 2571 i—Gn.
1155 2524 1370 2573 —SCH.
1381 2524 1769 2586 ——splendente
1813 2520 1998 2583 timeto]
2053 2522 2183 2586 A(F.
2201 2523 2313 2571 hic.
2364 2526 2426 2571 ti-

429 2590 603 2649 merito)
637 2590 727 2637 Pb.
773 2590 1034 2651 splendenti
1070 2589 1367 2638 metuendum
1392 2589 1456 2638 G.
1488 2588 1758 2652 splendente
1794 2588 2053 2636 timendum
2076 2587 2135 2637 de
2165 2603 2216 2650 g.
2235 2588 2364 2650 conj.
2388 2602 2427 2636 s.

427 2654 672 2715 splendore
692 2658 852 2703 timeto
870 2653 1098 2715 g.—OR.

495 2720 608 2766 404.
642 2718 821 2767 Pacem
849 2716 1034 2781 pelaqi]
1082 2718 1302 2766 Avienus
1341 2716 1492 2765 simili
1528 2716 1724 2780 phrasi:
1762 2716 1955 2765 Thetidi
1992 2718 2217 2779 terrisque
2254 2720 2427 2779 supina

429 2782 548 2830 Pax
569 2784 742 2831 aderit.
813 2782 1011 2843 Vulgati
1031 2784 1211 2831 habent
1233 2785 1425 2845 supinis
1427 2783 1599 2830 —GR.
1603 2781 1818 2829 —SCH.

496 2849 608 2895 405.
645 2848 892 2896 Siccentur
922 2846 1196 2909 substricta]
1233 2848 1368 2895 Male
1403 2847 1606 2909 vulgati,
1644 2850 1851 2895 astricto.
1920 2845 2015 2894 Pro
2038 2848 2273 2893 siccentur
2306 2855 2426 2908 puto

427 2915 690 2991 spissentur
708 2913 989 2975 legendum.
1056 2912 1182 2960 Cum
1224 2913 1356 2960 enim
1394 2910 1570 2992 κεραία
1606 2911 1707 2959 sive
1744 2926 1894 2959 cornu
1928 2911 1993 2958 sit
2027 2908 2086 2958 τὸ
2122 2907 2298 2957 ἐπάνω
2335 2912 2425 2958 τοῦ

430 2973 546 3025 ἱςοῧ
585 2973 853 3041 δεδεμένον
893 2976 1121 3041 πλάγιον
1161 2974 1338 3033 ξύλον,
1383 2972 1443 3023 οὗ
1481 2974 1758 3029 ἐξάπτεται
1792 2973 1825 3034 ἡ
1860 2973 2039 3033 ὀθόνη,
2076 2975 2295 3036 sequitur
2316 2976 2426 3023 velo

431 3041 625 3103 turgido
669 3042 838 3101 laxari,
883 3043 1140 3106 substricto
1183 3041 1395 3104 spissari,
1434 3042 1563 3104 quod
1602 3042 1658 3088 fit
1690 3041 1741 3087 in
1778 3040 2158 3103 tempestatibus.
2227 3039 2427 3102 Riqidos

429 3105 656 3154 similiter
689 3108 906 3156 rudentes
938 3108 990 3155 in
1024 3106 1236 3169 procella
1271 3112 1426 3164 vocat,
1465 3105 1595 3168 quod
1628 3106 1921 3153 contrarium
1956 3112 2030 3152 est
2050 3106 2093 3152 ei
2118 3104 2248 3167 quod
2280 3120 2427 3167 supra

431 3168 619 3218 dixerat
651 3186 880 3230 excussos,
921 3173 972 3220 in
1008 3178 1152 3219 vento
1189 3171 1436 3218 moderato
1473 3177 1522 3217 et
1558 3171 1785 3219 secundo.
1788 3170 1957 3217 —Gm
1960 3169 2173 3217 —SCH.
2305 3174 2425 3232 spis-

427 3235 630 3298 sentur]
670 3236 730 3283 de
763 3252 810 3299 g.
845 3238 972 3299 conj.
1008 3237 1055 3284 b.
1107 3240 1342 3284 siccentur
1383 3234 1883 3296 AGFPgs.(1bid.)
1938 3231 2210 3296 substricto]
2272 3235 2426 3297 Ggsb.

433 3300 657 3349 obstricto
682 3300 796 3362 (sic)
822 3301 883 3348 A.
919 3304 1110 3350 astricto
1131 3302 1188 3349 F.
1222 3302 1418 3347 astricta
1441 3300 1494 3347 P.
1498 3299 1679 3347 —0R.

495 3366 606 3412 406.
642 3364 714 3411 Et
740 3364 910 3429 riqidi]
945 3367 1163 3414 Pessime
1202 3364 1416 3425 vulgati:
1455 3367 1628 3426 Eriyat
1659 3365 1964 3426 emittantque
1996 3364 2123 3411 latus
2158 3378 2250 3425 per
2282 3366 2426 3412 inane

427 3430 662 3477 rudentes.
668 3430 837 3477 —Gn.
842 3431 1058 3478 —SCH.
1062 3429 1258 3477 —Et
1277 3429 1422 3491 riyidi
1447 3432 1665 3477 emittant
1684 3426 1866 3491 flatus]
1904 3428 2055 3491 Ggsb.
2090 3426 2257 3491 Eriyit
2292 3427 2426 3478 temit

430 3499 535 3540 tant
555 3495 682 3542 latus
705 3492 824 3558 (sic)
847 3496 908 3543 A.
940 3494 1066 3557 Eriq
1067 3500 1152 3542 ant
1174 3495 1478 3556 emittantque
1503 3494 1629 3541 latus
1651 3494 1751 3541 FP.
1756 3494 1937 3541 —OR.

493 3558 605 3610 407.
644 3558 785 3615 Quod
803 3562 846 3606 si
864 3558 1122 3621 deprensae]
1161 3558 1294 3606 Male
1315 3558 1518 3620 vulgati,
1538 3560 1653 3619 depr
1652 3574 1778 3605 ensa.
1844 3558 1979 3605 Male
2003 3557 2111 3605 MS.
2136 3557 2358 3606 turbabit.
2362 3584 2426 3595 ·—

432 3622 533 3669 Gn.
538 3623 755 3671 --SCH.
761 3625 1121 3686 ——deprensae
1150 3623 1303 3685 Ggsb.
1337 3624 1563 3685 deprensa
1584 3623 1732 3670 AFP.
1770 3620 1919 3685 (Ibid.
1927 3622 1948 3681 )
1970 3621 2203 3685 turbavit]
2229 3623 2425 3685 APgsb.

429 3686 641 3735 turbabit
662 3687 766 3735 GF.
770 3688 954 3737 -ΟΒ,

493 3754 607 3800 409.
642 3751 807 3800 Solvet
806 3752 916 3815 que]
975 3753 1085 3801 MS.
1119 3759 1371 3814 servetque.
1454 3752 1625 3813 Lege:
1678 3749 1934 3813 Sorbetque
1974 3754 2219 3797 inimicum
2262 3751 2426 3798 Nerea

426 3830 587 3927 5133?
588 3816 1343 3958 p.{‡‘}u5?b2¹{?‚sst¹3..e‘³¹ssssfst
1364 3814 2422 3941 ..2¹51oe‘gianssssiassssuionssassioessrssiuiiss

427 3946 628 3993 marinis
664 3946 876 4007 ponitur.
945 3946 1053 3994 Vid.
1093 3947 1375 3995 Phurnutus
1411 3945 1470 3993 de
1507 3952 1605 3993 nat.
1646 3945 1792 3992 Deor.
1816 3959 1856 3991 c.
1881 3945 1962 3992 23.
2028 3942 2157 3991 Add.
2196 3943 2421 4006 Apollod.

430 4009 657 4058 Biblioth.
684 4011 727 4058 Ι.
765 4026 806 4059 c.
833 4014 876 4057 2.
881 4012 1095 4060 -8οΗ,
1102 4009 1496 4072 ——sorbetque]
1534 4010 1593 4057 de
1614 4025 1659 4071 g.
1683 4009 1810 4115 conj.
1836 4008 1907 4055 sb.
1940 4015 2179 4126 servetque
2217 4009 2281 4058 G.
2328 4011 2421 4057 sol-

425 4080 588 4137 vetque
613 4075 754 4137 AFg.
793 4076 939 4123 solvet
963 4092 1064 4139 quoe
1089 4076 1142 4124 P.
1146 4075 1325 4123 ——OR.

2181 4160 2224 4203 Q,
