2992 4842
579 540 670 610 16
1425 559 1739 606 scnoLm.

579 701 770 766 colon
813 699 1162 766 invenisset
1211 699 1281 763 in
1331 699 1514 778 mari,
1570 700 1717 765 ideo
1768 699 1967 766 Piscis
2012 701 2216 764 cauda
2264 710 2568 766 notatam.

580 785 890 870 Nigidius
921 783 1386 870 Capricornum
1405 785 1603 850 refert
1629 786 1977 850 immortali
1998 785 2239 850 honore
2264 787 2573 851 donatum

579 893 718 956 quo
737 882 1020 955 tempore
1040 869 1318 954 Typhon
1333 871 1402 934 in
1423 884 1642 936 monte
1661 872 1877 936 Tauro
1896 872 2263 955 speluncam
2282 872 2571 948 haberet,

585 969 656 1022 et
675 955 1042 1040 AEgyptum
1061 956 1388 1033 incoleret,
1419 957 1501 1020 ab
1530 957 1574 1020 J
1575 979 1819 1041 oveque
1850 979 2218 1022 concessum
2245 956 2575 1020 habuisset

587 1041 1122 1127 quemadmodum
1153 1041 1272 1106 diis
1299 1053 1517 1126 posset
1546 1043 1874 1121 obsistere,
1901 1065 2047 1107 cum
2102 1043 2195 1106 eis
2238 1042 2575 1106 consilium

579 1127 920 1212 panderet,
951 1127 1006 1190 si
1035 1148 1244 1211 neque
1275 1139 1476 1191 terras
1506 1127 1869 1211 relinquere
1900 1126 2163 1204 vellent,
2200 1149 2413 1210 neque
2445 1128 2575 1211 Ty-

585 1211 816 1312 phonis
833 1212 1216 1276 immanitati
1234 1213 1527 1276 resistere
1546 1213 1635 1276 dii
1657 1225 1937 1296 possent,
1962 1212 2320 1276 inconsulte
2339 1214 2576 1296 figuras

585 1309 1111 1374 immutaverunt,
1159 1297 1224 1360 in
1259 1319 1452 1382 quam
1502 1297 1646 1382 quis
1690 1297 1904 1374 vellet,
1954 1321 2072 1362 seu
2115 1297 2412 1374 bestiam,
2460 1321 2577 1361 seu

585 1383 926 1458 volucrem,
969 1404 1084 1446 seu
1113 1383 1348 1466 piscem
1380 1382 1789 1465 pecudemve,
1826 1383 2101 1481 Typhon
2130 1406 2200 1446 se
2228 1384 2297 1446 in
2320 1405 2575 1467 capram

589 1467 1080 1534 transmutasset
1093 1493 1109 1545 ;
1133 1468 1351 1553 itaque
1363 1468 1753 1532 immortales
1762 1469 1983 1552 figuris
1992 1469 2229 1552 ignotis
2245 1469 2576 1554 Typhonis

584 1564 738 1620 ante
787 1553 1002 1618 oculos
1049 1554 1272 1616 crebro
1320 1554 1779 1631 versabantur3
1826 1554 1995 1618 unde
2042 1553 2248 1618 adhuc
2293 1554 2574 1618 maxime

587 1661 704 1790 ΕΟ
734 1639 854 1702 diis
905 1639 1139 1702 multas
1190 1639 1426 1702 bestias
1467 1639 1810 1703 observant
1860 1639 2207 1723 coluntque
2254 1637 2572 1724 AEgyptii.

657 1736 683 1788 t
711 1746 858 1788 cum
883 1725 1058 1788 venit
1086 1724 1388 1808 Typhoni
1415 1725 1739 1788 neminem
1768 1725 2030 1788 deorum
2060 1725 2400 1803 adversari,
2426 1725 2576 1796 sibi-

575 1823 726 1876 -met
751 1831 1014 1874 vacuam
1033 1810 1332 1892 cognovit
1377 1810 1873 1886 dominantibus,
1924 1810 2271 1874 arbitratus
2312 1811 2463 1874 deos
2506 1833 2575 1875 se

575 1895 845 1972 -veritoS,
874 1905 1138 1978 propter
1166 1906 1410 1958 metum
1436 1919 1451 1957 :
1498 1895 1944 1960 dominabatur
1962 1896 2274 1978 imperitis
2298 1896 2575 1960 fortunae

587 1981 918 2056 varietate,
951 1992 1019 2044 et
1046 1980 1312 2064 periculi
1341 1981 1784 2062 magnitudine
1812 1981 2137 2046 instantis.
2228 1981 2399 2044 Nam
2428 1993 2577 2064 post

593 2064 856 2132 XVIII
897 2065 1032 2130 dies
1077 2065 1310 2129 dicitur
1337 2065 1673 2130 consilium
1703 2067 1782 2130 de
1814 2089 1891 2129 eo
1919 2078 2181 2149 repente
2212 2089 2251 2129 a
2282 2067 2403 2130 diis
2448 2067 2577 2130 fac·-

579 2163 734 2216 tum
759 2165 834 2215 ut
863 2151 1330 2215 interficeretur
1353 2176 1370 2227 3
1419 2151 1507 2214 ob
1535 2151 1729 2236 idque
1759 2173 1962 2236 usque
1980 2151 2169 2215 hodie
2192 2152 2259 2214 in
2284 2150 2577 2236 AEgypto

589 2237 708 2302 hos
735 2237 894 2316 dies,
924 2235 992 2299 id
1022 2249 1120 2300 est
1150 2235 1436 2314 XVIII,
1467 2235 1664 2300 festos
1694 2249 2028 2322 perpetue,
2080 2237 2263 2301 annis
2310 2237 2577 2320 singulis

576 2322 1051 2399 ,instituerunt3
1097 2322 1165 2385 in
1217 2322 1453 2406 quibus
1513 2322 1738 2386 diebus
1790 2321 1903 2406 qui
1952 2322 2255 2400 nascitur,
2304 2323 2578 2406 amplius

595 2429 788 2493 quam
818 2429 924 2472 eos
955 2428 1084 2469 non
1105 2408 1280 2471 vivit.
1370 2407 1470 2490 Ty
1516 2407 1647 2471 hon
1672 2418 1885 2471 autem
1907 2407 2173 2471 fulmine
2197 2408 2579 2472 interficitur

590 2495 676 2558 ab
706 2492 1034 2578 Apolline,
1065 2493 1132 2557 in
1163 2491 1404 2576 templo
1525 2493 1709 2577 gypti
1744 2491 2091 2577 Memphis,
2124 2493 2235 2555 ubi
2264 2515 2402 2557 mos
2451 2493 2579 2556 fuit

555 2577 562 2583 ’
595 2579 755 2642 solio
773 2577 960 2660 regio
987 2577 1271 2642 decorari
1298 2600 1480 2661 reges
1511 2580 1623 2662 qui
1662 2579 2037 2662 regnabant.
2126 2575 2233 2641 Ibi
2270 2578 2443 2642 enim
2480 2601 2579 2642 sa-

593 2665 715 2728 cris
741 2663 1164 2728 initiabantur
1190 2663 1490 2747 primum,
1512 2675 1592 2726 ut
1612 2664 1861 2740 dicitur,
1882 2685 2089 2747 reges,
2108 2663 2262 2726 satis
2283 2663 2577 2746 religiose
2632 2736 2639 2741 ,

593 2749 899 2813 tunicati:
944 2758 1014 2812 et
1041 2747 1252 2812 Tauro
1275 2771 1466 2834 quem
1492 2748 1688 2832 Apim
1710 2749 2055 2855 appellant,
2072 2749 2303 2833 jugum
2320 2760 2576 2833 portare

592 2834 690 2899 fas
720 2845 877 2911 erat,
911 2856 1104 2917 quem
1127 2835 1318 2898 deum
1346 2834 1702 2902 maximum
1736 2833 2031 2918 AEgyptii
2060 2835 2456 2911 existimant,
2507 2845 2578 2898 et

591 2941 710 3004 per
732 2920 939 2983 vicum
967 2941 1169 2983 unum
1199 2920 1365 2996 duci,
1390 2932 1465 2983 ut
1485 2920 1677 3004 periti
1708 2919 2187 2999 existimabant,
2214 2919 2433 2983 labore
2456 2920 2575 2983 hu-

591 3027 802 3068 manae
822 3006 1236 3084 necessitatis,
1263 3017 1339 3068 ut
1361 3005 1677 3069 crudelius
1709 3006 1997 3088 quaesub
2028 3005 2121 3068 eis
2148 3005 2578 3069 sint-›abutan-

591 3101 722 3154 tur.
814 3089 1172 3154 Deducitur
1195 3103 1410 3154 autem
1439 3114 1478 3154 a
1498 3091 1821 3154 sacerdote
1866 3089 2053 3153 Isidis
2088 3091 2157 3152 in
2186 3089 2417 3167 locum,
2467 3091 2579 3175 qui

591 3175 960 3240 nominatur
989 3176 1259 3259 Adytos,
1293 3187 1360 3238 et
1378 3177 1798 3261 jurejurando
1837 3175 2133 3259 adigitur,
2164 3197 2373 3260 neque
2402 3197 2580 3238 men-

593 3283 750 3342 sem,
778 3282 988 3346 neque
1018 3261 1186 3324 diem
1213 3261 1743 3340 intercalandum,
1794 3283 1987 3346 quem
2026 3262 2097 3325 in
2134 3260 2370 3325 festum
2410 3261 2579 3323 diem

591 3347 1028 3428 immutarent,
1071 3347 1184 3414 sed
1236 3345 1630 3411 CCCLXV.
1680 3346 1815 3409 dies
1846 3357 2235 3430 peracturOS,
2277 3347 2453 3410 sicut
2478 3347 2577 3408 in-

596 3431 896 3496 stitutum
948 3441 1046 3494 est
1093 3432 1174 3496 ab
1227 3433 1527 3518 antiquis,
1618 3432 1746 3495 Sed
1796 3432 1908 3494 illo
1951 3441 2365 3512 revertamur,
2408 3431 2577 3494 unde

581 3515 863 3598 digressi
879 3538 1118 3581 sumus·
1175 3517 1387 3601 Igitur
1411 3518 1500 3581 dii
1522 3528 1745 3602 postea
1768 3539 1960 3602 quam
1982 3517 2363 3600 Typhonem
2384 3539 2581 3601 poena

585 3601 948 3666 affecerunt
977 3614 1043 3666 et
1069 3603 1551 3682 interfecerunt,
1580 3615 1797 3666 sancta
1814 3613 2127 3674 astrorum
2148 3603 2451 3665 memoria
2472 3603 2581 3665 de-

596 3697 994 3766 coraverunt,
1014 3707 1082 3755 et
1103 3689 1164 3752 ei
1184 3699 1419 3753 nom‘en
1431 3687 1751 3772 AEgyptii,
1770 3688 2095 3772 AEgipana
2112 3688 2577 3771 imposuerunt,

589 3774 772 3858 ‚quod
791 3796 935 3837 cum
963 3773 1130 3838 tanti
1160 3774 1248 3837 dii
1269 3797 1336 3837 se
1366 3775 1434 3838 in
1455 3773 1693 3837 bestias
1714 3773 2192 3850 convertissent,
2213 3773 2494 3856 Typhon
2512 3796 2582 3836 se

595 3859 666 3922 in
697 3857 974 3942 Capram
1013 3860 1553 3942 transfigurabat,
1584 3859 2017 3944 oppidumque
2063 3860 2473 3947 magnificum
2510 3859 2583 3930 in

597 3942 889 4028 AEgypto
914 3945 1408 4024 aedificaverunt,
1454 3945 1629 4030 quod
1678 3944 2034 4030 Panopolin
2080 3944 2580 4028 appellaverunt.

575 4029 824 4094 ·Habet
853 4031 1334 4111 autemstellas,
1361 4031 1440 4094 in·
1459 4031 1727 4114 singulis
1754 4031 2055 4106 cornibus
2086 4030 2267 4110 duas,
2303 4030 2373 4094 in
2416 4029 2583 4094 nari-
