2992 4842
1094 577 1379 614 PRAEPATIO
1404 577 1625 613 Gno‘rn.
2283 576 2354 612 XV

361 704 643 760 dimidium
677 704 813 759 illud
848 705 931 771 iis,
968 723 1088 776 quae
1130 723 1255 760 cum
1290 706 1533 774 sequenti
1555 703 1815 771 oriuntur,
1854 705 2052 772 inserit,
2087 704 2246 776 cujus
2281 707 2356 760 rei

360 775 605 899 ⁸¹⁶3P¹³
638 777 1281 900 ffifflssssssffioiffissi
1316 775 1441 899 111’1123B
1442 774 2157 911 Zssssffqssfflffmffiffl
2172 777 2356 901 3ξέῑέἑῖ

360 865 430 900 ex
463 935 493 970 e
525 863 676 969 &rugii
696 918 773 970 ait
804 918 1103 971 Draconem
1137 864 1320 987 premi),
1352 918 1466 987 ipse
1496 917 1693 970 laevum
1714 917 1908 986 posuit,
1943 924 1998 971 et
2029 918 2126 970 ubi
2160 918 2357 972 Aratus

396 1004 621 1042 umanas
655 987 901 1041 Chironis
934 995 1107 1057 partes
1127 988 1204 1040 ait
1224 1004 1335 1040 esse
1356 989 1456 1040 sub
1481 986 1712 1056 Scorpi0,
1746 987 1970 1055 equinas
2005 988 2106 1040 sub
2140 988 2353 1042 Chelis:

357 1059 449 1112 illo
470 1057 660 1111 melius
682 1059 781 1110 sub
804 1058 1021 1128 Virgine
1042 1058 1280 1127 equinas,
1315 1058 1414 1111 sub
1450 1056 1632 1110 Chelis
1652 1056 1914 1110 humanas
1938 1057 2176 1124 collocat,
2248 1057 2357 1112 uod
2377 1111 2394 1130 ⁴

360 1145 457 1181 nos
478 1129 605 1181 satis
624 1127 843 1210 feliciter
862 1129 1266 1182 observavimus,
1338 1128 1493 1210 Haec·
1511 1128 1556 1180 si
1578 1127 1840 1210 excipias,
1874 1143 2047 1197 pauca
2067 1127 2193 1182 adm
2261 1145 2357 1182 um

356 1199 689 1281 invenias-m
712 1200 909 1267 quibus
926 1198 1275 1252 Germanicus
1291 1198 1413 1268 plus
1425 1196 1632 1268 ahquid
1646 1213 1888 1250 minusve
1910 1205 2007 1252 aut
2026 1199 2175 1252 ahud
2193 1216 2358 1269 quam

362 1268 962 1392 Arbaltrlrlzehacgtalterum
983 1339 1302 1409 opuseulum
1324 1339 1534 1392 vemam'
1533 1355 1615 1404 us,
1687 1337 1797 1392 uod
1818 1355 1943 1392 eum
1965 1355 2034 1392 ex
2064 1339 2225 1392 Arato
2248 1355 2356 1392 non

359 1409 690 1463 transtulisse
735 1409 987 1475 diximus,
1026 1426 1095 1462 ex
1133 1409 1251 1462 aliis
1288 1409 1614 1462 Astronomis
1707 1409 1854 1462 raecis
1893 1408 2204 1462 desumsisse
2247 1425 2355 1463 non

360 1481 741 1549 negaverimus.
816 1479 885 1532 In
907 1496 970 1532 eo
989 1479 1321 1550 planetarum
1343 1487 1607 1545 naturam,
1641 1485 1696 1532 et
1717 1479 1996 1548 signorm
2018 1479 2262 1545 Zodiaei,
2298 1487 2353 1533 et

359 1567 541 1604 eorum
575 1549 713 1602 inter
745 1567 801 1602 se
835 1549 1138 1603 relationem
1160 1557 1215 1604 et
1234 1550 1548 1620 conjunctas
1569 1550 1704 1602 vires
1725 1550 2033 1619 complexus
2063 1557 2157 1604 est.
2230 1549 2355 1603 Hoc

359 1637 493 1690 opus
514 1619 715 1674 indicat
733 1637 859 1673 cum
880 1621 958 1674 ait
977 1621 1035 1673 in
1056 1621 1169 1673 sine
1202 1621 1386 1690 primae
1421 1620 1586 1690 partis
1622 1619 2012 1674 Phaenomenon
2045 1619 2193 1687 (sunt
2211 1621 2356 1674 enim

362 1691 577 1744 omnino
596 1697 701 1744 tres
724 1690 789 1744 de
809 1691 979 1756 astris,
1018 1691 1083 1744 de
1113 1691 1341 1757 circulis.
1380 1691 1447 1744 de
1466 1689 1818 1744 coorientibus
1841 1695 1896 1744 et
1915 1690 2355 1760 cooceidentibus)

807 1783 903 1824 Hoc
918 1795 1021 1834 opus
1036 1784 1197 1825 areanis
1212 1785 1249 1824 si
1264 1786 1428 1824 credam
1443 1785 1659 1834 postmodo
1675 1784 1828 1832 Musis,

806 1835 987 1885 Tempus
1000 1840 1042 1875 et
1054 1835 1143 1886 ipse
1155 1836 1286 1884 labor,
1301 1835 1512 1884 patimtur
1525 1835 1625 1884 fatu,
1639 1833 1811 1874 docebit.

358 1910 446 1963 Ad
469 1909 810 1963 Planetarum
833 1917 1080 1964 naturam
1099 1911 1326 1980 pertinet
1344 1910 1516 1964 illud:

602 2037 611 2044 .
806 2005 901 2044 Hac
914 2005 1075 2055 rapitur
1088 2005 1255 2054 Plioebe,
1269 2016 1341 2054 per
1354 2005 1465 2045 idem
1482 2005 1724 2055 Cythereius
1737 2004 1860 2056 ignis,

356 2090 410 2137 et
432 2097 551 2152 quae
575 2088 885 2152 sequuntur.
960 2081 1110 2135 Illud
1132 2098 1252 2134 vero
1272 2082 1568 2152 praecipue:

806 2226 959 2286 0¹³1}ss
974 2225 1175 2288 Sttsmoe
1200 2236 1319 2286 moe.
1329 2227 1400 2288 ¹13⁰
1414 2181 1610 2287 a‘ssffi
1622 2177 1817 2286 ἶέξῖῗω

805 2277 864 2316 Et
878 2287 1009 2318 siccas
1022 2279 1179 2318 hiemes
1194 2277 1399 2317 adstrictis
1412 2277 1574 2327 perficit
1587 2277 1724 2316 undis.

359 2353 445 2406 Ad
467 2353 737 2423 signorum
758 2359 1005 2406 naturam
1024 2351 1383 2422 fragmentum
1403 2352 1559 2419 illud,
1582 2351 1726 2422 quod

807 2445 1021 2486 Grandine
1034 2445 1265 2496 permixtus
1279 2446 1397 2486 Aries
1412 2445 1662 2496 nivibusque
1676 2446 1843 2488 caducis

362 2523 695 2578 Relationem
716 2523 918 2578 indicat
940 2523 1049 2576 illis
1069 2524 1341 2589 versibus;

809 2617 1833 2720 Iaiffiounssffii’quqnevqnffesmstnmm

364 2744 439 2800 Et
474 2745 533 2796 in
568 2743 863 2814 fragmento
893 2743 989 2795 illo
1025 2741 1169 2812 quod
1203 2741 1311 2796 inci
1346 2744 1392 2798 it
1410 2741 1720 2797 AEtherium
1740 2744 1880 2797 venit
1901 2741 2185 2798 thalamum
2205 2762 2356 2816 super

362 2815 630 2886 explicata
665 2813 906 2867 videmus
941 2813 1162 2866 Veneris
1193 2821 1248 2866 et
1280 2761 1538 2868 §ereutii
1571 2831 1666 2884 per
1705 2815 1956 2884 quaelibet
1975 2815 2129 2884 signa
2149 2832 2276 2868 eum
2297 2816 2355 2868 in

370 2893 490 2940 ortu
528 2892 646 2939 tum
684 2884 743 2936 in
782 2899 971 2937 occasu
1008 2883 1229 2937 effectus
1251 2891 1307 2936 et
1326 2886 1665 2954 operationes.
1754 2883 2035 2938 Hactenus
2055 2884 2122 2937 de
2143 2891 2355 2938 auctore

365 2972 526 3026 quem
562 2955 822 3025 optimum
867 2953 1090 3008 Poetam
1128 2952 1292 3007 fuisse
1314 2955 1512 3025 optimo
1536 2954 1718 3022 Poeta,
1755 2953 1946 3008 Ovidio
1979 2971 2184 3024 nempe,
2223 2962 2354 3010 teste

362 3027 490 3080 satis
512 3032 747 3079 constat:
782 3032 838 3078 et
875 3041 957 3077 res
994 3025 1127 3094 ipsa,
1162 3041 1229 3077 ne
1264 3025 1397 3094 quid
1429 3024 1548 3095 ejus
1581 3026 1800 3079 auribus
1835 3025 2022 3078 datum
2055 3026 2123 3079 ab
2162 3025 2354 3080 Ovidio

361 3103 627 3167 putemus,
649 3096 775 3149 satis
796 3095 993 3165 probat.

432 3166 518 3219 Ad
555 3167 895 3236 exscriptores
923 3171 978 3218 et
1007 3165 1327 3234 exemplaria
1346 3166 1638 3232 veniamus,
1672 3174 1727 3219 et
1759 3183 1870 3220 uua
1906 3165 2037 3235 quid
2071 3182 2168 3222 nos
2199 3166 2256 3219 in
2292 3184 2355 3221 eo

361 3237 772 3308 praestiterimus‚
812 3252 972 3305 quem
1008 3235 1245 3288 ordinem
1284 3244 1338 3290 et
1370 3235 1591 3289 modum
1623 3237 1681 3290 in
1715 3243 1870 3290 textu
1905 3237 2148 3306 notisque
2186 3238 2354 3291 secuti

363 3308 545 3373 simu&
577 3307 801 3360 breviter
820 3305 1158 3376 explicemus.
1232 3303 1596 3376 Exscriptores
1616 3314 1807 3360 nactus
1828 3313 1908 3360 est
1926 3307 2354 3377 imperitissimoe,

362 3378 492 3430 adeo
515 3383 578 3430 ut
598 3376 691 3429 vix
710 3382 893 3446 putem
926 3375 1095 3428 alium
1130 3378 1432 3446 quempiam
1461 3384 1574 3430 tam
1594 3378 1780 3431 misere
1799 3386 2096 3447 exceptum
2167 3377 2353 3431 Ratio-

364 3465 487 3501 nem
524 3446 719 3517 quoeris
734 3449 759 3500 Β
829 3444 987 3499 Nulli
1022 3444 1184 3499 ferme
1219 3447 1309 3499 alii
1352 3446 1457 3501 fuit
1492 3448 1634 3513 usui,
1672 3448 1775 3500 nisi
1809 3455 1873 3500 ut
1905 3447 2226 3517 imaginibus
2248 3465 2353 3502 coe-

361 3517 583 3571 lestibus
606 3517 826 3587 depictis
846 3516 1080 3569 carmina
1098 3516 1262 3583 illius,
1298 3517 1442 3586 quod
1475 3517 1533 3570 in
1562 3518 1681 3571 aliis
1713 3534 1926 3586 quoque
1947 3519 2166 3588 picturis
2187 3519 2351 3572 usita-

364 3595 499 3654 tum,
534 3587 604 3640 ad
624 3587 1025 3657 explicationem
1048 3587 1427 3640 subservirent:
1465 3603 1586 3656 quae
1606 3589 1766 3642 etism
1789 3605 1950 3641 causa
1970 3595 2064 3654 est,
2098 3605 2195 3642 cur
2227 3588 2352 3642 hac-

362 3666 520 3712 tenus
552 3657 724 3728 prima
756 3664 969 3711 tantum
997 3663 1145 3726 parte
1162 3657 1553 3727 ·phaenomenon
1574 3656 1735 3712 fuerit
1754 3657 1942 3711 editus
2015 3659 2169 3712 Idem
2189 3659 2350 3710 etiam

362 3729 687 3782 occasionem
728 3726 1051 3797 quibuslibet
1122 3728 1323 3782 raestitit
1357 3745 1451 3798 pro
1484 3744 1583 3781 suo
1618 3729 1825 3782 cerebro
1859 3745 1984 3782 eum
2014 3728 2352 3793 immutandi,

360 3797 663 3865 mutilandi,
682 3797 945 3867 augendi:
981 3814 1037 3849 m
1096 3804 1215 3851 tum
1236 3799 1376 3851 enim
1397 3798 1687 3866 majestatis
1707 3807 1763 3853 et
1776 3800 2071 3852 reverentiae
2093 3798 2349 3868 opusculo

362 3869 541 3921 divino
578 3868 827 3922 detritum
868 3875 963 3933 est,
1002 3884 1127 3920 cum
1163 3868 1427 3922 mantissae
1461 3868 1577 3922 loco
1597 3869 1920 3938 imaginibus
1939 3869 2046 3922 illis
2067 3867 2348 3922 accederet.

365 3938 559 4008 Itaque
602 3955 785 3992 verum
831 3938 896 3991 de
950 3938 1282 4004 GermanicO,
1337 3938 1481 4007 quod
1525 3946 1578 3992 et
1623 3939 1688 3992 de
1735 3940 1894 3992 Arato
1937 3940 2014 3992 ait
2059 3938 2344 3991 Leontius:

354 4006 587 4072 ’Όμηρον
610 4010 705 4072 μὲν
727 4007 784 4057 ἓν
806 4006 937 4068 εἶδος
957 4007 1191 4075 γραφέων
1210 4007 1458 4070 βλάπτει,
1481 4011 1588 4058 τῶν
1607 4007 2012 4074 βιβλιογράφων·
2041 4007 2271 4073 Ἀρατον
2294 4005 2346 4057 δὲ

366 4071 473 4132 δύο,
495 4072 883 4139 βιβλιογρὰφων
906 4092 959 4124 τε
985 4077 1068 4124 καὶ
1090 4076 1379 4140 ζωγράφων·
1454 4074 1577 4128 Hoc
1600 4083 1694 4140 est,
1715 4074 1940 4126 Homero
1961 4072 2058 4126 soli
2073 4074 2348 4144 exscripto-
