2992 4842
563 535 652 598 34
1399 551 1715 598 scnomA.

566 691 826 780 Jupiter
853 703 1076 760 autem
1109 693 1344 760 dicitur
1387 693 1651 760 domum
1694 693 2013 780 Lycaonis
2041 690 2361 758 fulmine
2340 715 2561 758 moen-

569 782 759 860 disse,
787 803 996 866 eoque
1021 780 1164 846 loco
1191 781 1519 846 civitatem
1546 789 2005 858 constructam,
2058 801 2215 882 quae
2234 779 2561 864 Trapezos

567 830 891 954 apellata
939 879 1080 932 est·
1061 913 1080 944 ,
1141 866 1507 952 Lycaonem
1557 889 1708 932 vero
1756 867 2145 932 convertisse
2194 866 2265 929 ιιι
2308 865 2561 950 lupum,

567 891 894 1018 Krcadem
923 963 1140 1018 autem
1169 953 1517 1054 compactis
1542 953 1848 1018 membris
1876 953 1960 1019 ad
1977 954 2177 1018 vitam
2202 953 2561 1032 reduxisse,

567 1051 636 1106 et
689 1039 946 1104 cuidam
1001 1039 1288 1125 caprario
1311 976 1593 1104 pdedisse
1643 1038 2088 1140 nutriendum.
2218 1037 2359 1106 Qui
2414 1061 2565 1104 cum

570 1125 838 1192 adulta
809 1147 946 1211 Jam
974 1137 1168 1190 aetate
1199 1137 1388 1204 esset,
1419 1125 1614 1191 matri
1639 1125 1879 1190 inscius
1904 1126 2034 1190 vim
2062 1125 2299 1190 inferre
2335 1125 2563 1202 voluit,

571 1235 735 1298 quos
762 1233 910 1276 cum
937 1211 1166 1277 incolae
1197 1211 1416 1297 Lycaei
1445 1211 1683 1276 montis
1710 1212 1997 1276 occidere
2016 1211 2276 1289 vellent,
2307 1210 2565 1295 Jupiter

569 1309 880 1383 utrosque
923 1297 1226 1376 liberans,
1272 1299 1462 1364 astris
1504 1298 1765 1364 intulit:
1820 1298 1937 1383 qui
1978 1309 2057 1362 ut
2098 1319 2202 1362 res
2230 1309 2414 1382 gesta
2440 1306 2562 1374 est,

569 1385 662 1451 ita
711 1395 1000 1464 manent,
1047 1381 1160 1450 illa
1205 1383 1396 1450 Ursae
1453 1395 1727 1464 naturoe,
1788 1384 1893 1448 hic
1934 1385 2253 1469 impetum
2301 1383 2565 1460 faciens,

573 1492 768 1572 quem
817 1469 1090 1536 Bootem
1141 1469 1470 1536 Homerus
1496 1483 1701 1536 vocat.
1794 1469 2019 1536 Habet
2062 1481 2283 1536 autem
2326 1469 2563 1546 stellas,

567 1558 640 1622 in
669 1557 900 1622 dextra
925 1577 1122 1622 manu
1170 1567 1473 1642 quatuor,
1519 1580 1669 1642 quae
1702 1579 1835 1622 non
1862 1557 2197 1622 occidunt·
2242 1557 2315 1620 in
2356 1555 2567 1641 capite

569 1644 804 1708 claram
831 1665 1051 1721 unam,
1094 1643 1166 1708 ιιι
1213 1644 1402 1728 singu
1401 1643 1481 1707 lis
1518 1643 1803 1708 humeris
1846 1643 2151 1727 singulas,
2192 1643 2263 1707 in
2292 1641 2567 1726 singulis

569 1729 932 1794 mammillis
961 1728 1162 1794 claras
1189 1729 1495 1814 singulas,
1547 1730 1619 1795 in
1664 1730 1899 1794 dextra
1920 1740 2105 1814 parte
2132 1728 2415 1814 corporis
2442 1728 2564 1792 sub

571 1815 920 1880 mammilla
975 1815 1312 1881 obscuram
1361 1838 1585 1894 unam,
1640 1816 1715 1880 ιιι
1773 1815 2007 1880 dextro
2058 1815 2281 1880 cubito
2332 1815 2568 1878 claram

569 1923 791 1980 unam,
834 1901 1008 1966 inter
1051 1913 1328 2003 utraque
1379 1925 1594 1986 genua
1639 1902 1875 1967 claram
1918 1923 2117 1966 unam
2160 1911 2231 1966 et
2270 1899 2568 1984 mag'nam

574 2010 724 2073 quae
753 1998 854 2053 est
881 1986 1236 2054 Arcturus·
1281 1989 1351 2052 in
1381 1988 1653 2074 singulis
1682 1988 1959 2073 pedibus
1986 1987 2289 2072 singulas.
2366 1986 2569 2050 Fiunt

575 2093 800 2138 omnes
829 2071 1080 2138 XIIII.

665 2159 775 2224 Ad
823 2161 1194 2246 adspectum
1246 2171 1466 2260 autem
1514 2160 1741 2225 Bootis
1791 2159 1999 2245 Virgo
2047 2159 2399 2225 constituta
2446 2170 2567 2236 est,

620 2269 726 2310 uae
755 2245 1040 2310 Eone
1069 2247 1242 2312 dicta
1271 2257 1391 2324 est,
1469 2269 1577 2312 uae
1604 2248 1775 2312 inter
1796 2183 2087 2312 Leonem
2114 2258 2185 2311 et
2212 2245 2519 2310 Libram
2498 2268 2570 2309 ιιι

575 2269 855 2397 {odiam
907 2355 1094 2397 ocum
1120 2342 1320 2399 tenet.
1411 2269 1605 2398 flauo
1634 2332 1961 2398 Hesiodus
1988 2332 2033 2398 J
2032 2355 2167 2397 ovrs
2205 2344 2275 2397 et
2318 2331 2573 2396 Themi-

578 2417 676 2484 dis
721 2419 920 2484 filiam
967 2441 1104 2484 esse
1155 2419 1334 2497 dicit,
1383 2420 1643 2484 nomine
1698 2419 1975 2484 Justam.
2064 2417 2265 2484 Hunc
2312 2429 2571 2483 secutus

580 2504 824 2570 Aratus
847 2505 1026 2586 dicit,
1054 2506 1228 2606 quod
1256 2527 1406 2570 cum
1431 2517 1603 2570 esset
1621 2505 2020 2584 immortalis,
2050 2505 2118 2570 in
2146 2506 2337 2570 terris
2362 2527 2572 2571 mora-

576 2592 789 2669 batur,
841 2600 909 2655 et
955 2614 996 2655 a
1031 2591 1315 2656 virorum
1343 2602 1608 2677 aspectu
1654 2615 1723 2657 se
1766 2592 2142 2657 subtrahere
2170 2591 2379 2670 solita,
2422 2613 2572 2656 cum

577 2677 860 2742 foeminis
889 2676 1184 2742 consulto
1211 2677 1435 2742 ludere
1485 2691 1554 2742 et
1595 2679 1952 2744 conversari
1989 2678 2349 2755 videbatur,
2391 2688 2463 2741 et
2488 2679 2573 2744 ab

580 2765 672 2827 eis
693 2763 736 2827 J
736 2775 882 2828 usta
903 2764 1269 2843 vocabatur,
1289 2776 1357 2828 et
1379 2765 1667 2830 nondum
1689 2765 1861 2829 inter
1880 2765 2171 2828 homines
2187 2763 2571 2848 nequitiam,

582 2872 793 2935 neque
819 2850 1288 2934 navigationem
1308 2850 1549 2916 fuisse.
1594 2851 1709 2915 sed
1734 2851 1958 2916 illam
1939 2873 2009 2917 ιιι
2040 2851 2229 2916 terris
2258 2860 2573 2916 moratam

582 2936 954 3020 aequitatem
973 2935 1340 3001 hominibus
1357 2937 1735 3022 praestitisse
1758 2960 1835 3001 eo
1852 2937 2089 3013 seculo,
2110 2937 2287 3022 quod
2304 2959 2573 3002 aureum

583 3022 934 3086 dicebatur.
1028 3021 1155 3087 Sed
1197 3035 1543 3109 postquam
1570 3023 1873 3088 diminuti
1909 3023 2200 3089 homines
2247 3046 2286 3088 a
2330 3023 2573 3108 pietate

582 3108 985 3192 quieverunt,
1032 3108 1144 3172 illa
1182 3130 1328 3172 cum
1376 3110 1468 3173 eis
1520 3111 1783 3175 minime
1812 3120 2185 3175 conversata
2210 3119 2349 3173 est·
2396 3119 2575 3194 post—

583 3217 775 3279 quam
818 3215 970 3259 vero
1011 3193 1347 3259 hominum
1376 3218 1585 3260 mores
1628 3197 1697 3260 in
1740 3196 2024 3261 deterius
2068 3197 2231 3260 versi
2276 3206 2452 3273 sunt,
2502 3197 2574 3260 in

583 3293 723 3343 toto
752 3302 819 3343 se
849 3303 885 3344 e
915 3279 1103 3345 terris
1123 3281 1412 3359 abstulit,
1439 3294 1508 3347 et
1526 3283 1598 3346 in
1620 3305 1699 3346 ea
1714 3294 1899 3366 parte
1920 3279 2063 3346 caeli
2078 3281 2414 3360 habitavit,
2446 3305 2576 3366 qua

586 3378 1014 3430 enumeretur.
1105 3329 1422 3432 Nonnulli
1465 3379 1688 3434 autem
1738 3391 1878 3433 eam
1924 3391 2063 3432 esse
2117 3368 2443 3445 Cererem,
2496 3391 2575 3433 eo

587 3453 760 3536 quod
789 3453 992 3537 spicas
1021 3463 1282 3518 teneat:
1351 3454 1462 3519 alii
1507 3455 1884 3539 Atargatin·
1869 3503 1885 3534 ,
1951 3454 2212 3540 quidam
2239 3477 2388 3518 vero
2418 3416 2579 3518 'For-

585 3551 833 3615 tunam,
933 3563 1001 3603 ro
1053 3563 1131 3603 εο
1181 3540 1352 3625 quod
1381 3541 1518 3605 sine
1548 3542 1756 3626 capite
1786 3541 1973 3606 astris
2002 3540 2298 3606 infertur.
2389 3539 2575 3640 Νιξι-

587 3625 730 3689 dius
759 3626 838 3689 de
934 3627 1056 3710 ιιξι
1037 3626 1139 3689 ’ne
1169 3627 1262 3691 ita
1287 3627 1526 3692 refert.
1574 3627 1911 3712 Virginem
1934 3627 1978 3692 J
1977 3626 2263 3691 ustltlam
2294 3627 2419 3691 dici
2446 3627 2575 3690 sive

589 3649 1056 3796 lEquitatem,gl
1053 3735 1201 3797 quae
1231 3712 1313 3776 ab
1341 3713 1711 3779 hominibus
1738 3713 2090 3791 recesserit,
2120 3723 2191 3778 et
2212 3712 2339 3777 ad
2320 3735 2577 3776 immor-

591 3797 750 3862 tales
779 3799 1008 3862 merito
1037 3799 1379 3863 transierit.
1469 3798 1641 3864 Nam
1688 3822 1833 3864 cum
1872 3801 2045 3864 inter
2084 3799 2387 3864 mortales
2428 3821 2579 3864 con-

588 3885 858 3962 veniret,
873 3885 1171 3949 omnibus
1181 3885 1336 3949 locis
1353 3886 1919 3972 conciliabulisque
1936 3885 2190 3950 solitam
2207 3885 2576 3962 consistere,

587 3982 654 4034 et
675 3971 1023 4056 praecipere
1053 3971 1441 4071 hominibus,
1474 3995 1556 4036 ιιε
1581 3985 1817 4037 temere
1848 3997 1887 4037 a
1906 3971 2161 4058 justitia
2178 3983 2247 4037 et
2268 3971 2578 4056 aequitate

584 4057 1016 4122 discederent.
1066 4058 1178 4143 qui
1209 4020 1517 4142 quamdiu
1547 4059 1807 4124 monitis
1828 4060 1967 4144 ejus
1987 4058 2343 4136 obedirent,
2375 4058 2528 4122 diu
2510 4079 2579 4120 ιιι
