2992 4842
1065 573 1137 609 sn
1164 573 1523 610 ruaeuousua
1549 574 1788 610 sna-rea.
2375 560 2430 608 iii

424 697 539 746 latis
576 695 735 746 BEG.
775 698 893 746 toetis
929 696 1043 762 Pgs.
1084 697 1254 761 (Ibid.)
1294 697 1460 762 conor]
1498 699 1743 762 BEGgsb.
1769 713 1907 762 coqor
1928 695 2070 748 AFP.
2113 698 2272 762 (Item
2294 699 2347 747 in
2370 700 2428 749 B.

425 763 718 875 ωῗῖεῗὲε
740 763 1033 888 tSaPJ'Benez
1071 826 1186 890 quia
1208 843 1353 890 supra
1373 827 1510 887 dixit,
1535 835 1685 891 parta
1707 831 1854 890 quies,
1889 833 1934 875 te
1955 828 2176 892 prce-side.
2241 827 2312 875 Et
2336 827 2434 876 alia

429 899 505 938 est
534 892 672 949 ratio,
712 892 827 954 quia
848 891 1101 953 Augustus
1122 893 1231 954 paci
1254 893 1493 955 templum
1515 893 1769 951 dedicavit,
1807 892 1938 954 quod
1974 894 2168 940 monuit
2203 892 2432 954 Scaliger.

428 955 635 1003 Ovidius
670 956 723 1002 in
758 956 855 1003 fine
894 957 1152 1004 Fastorum
1188 957 1362 1020 primi:
1414 960 1576 1020 Ipsum
1611 973 1696 1005 nos
1734 973 1927 1006 carmen
1960 959 2100 1019 pacis
2141 957 2335 1005 deduxit
2369 958 2435 1004 ad

428 1035 561 1068 aras.
630 1021 803 1068 Gno‘r.
871 1019 983 1067 Pax
1003 1021 1097 1068 hoc
1118 1022 1225 1069 loco
1249 1037 1307 1069 ea
1327 1022 1538 1083 intellig-i
1561 1022 1766 1079 videtur,
1805 1036 1914 1083 quae
1936 1021 1988 1068 in
2009 1022 2220 1070 formula
2243 1021 2434 1069 solenni

429 1084 846 1196 dna-tribuebatur
860 1100 887 1131 a
911 1086 1453 1147 precantibus-8011.
1586 1086 1722 1135 Aesis
1735 1087 1852 1148 Pgs.
1870 1086 2060 1148 (contra
2073 1101 2210 1134 meos
2225 1085 2434 1145 edd.)—

497 1212 575 1264 17.
615 1211 823 1274 Caetera]
858 1212 927 1262 ita
960 1213 1153 1262 Tullius
1184 1228 1231 1261 v.
1271 1213 1345 1262 19.
1419 1213 1602 1261 Caetera
1625 1213 1855 1262 labuntur
1875 1217 2020 1262 tacito
2041 1214 2248 1263 coelestae‘a
2269 1219 2400 1262 motu
2416 1230 2433 1260 .·

433 1277 505 1325 Et
536 1277 717 1325 melius
755 1277 941 1325 Cicero.
1008 1278 1103 1326 Est
1124 1279 1256 1326 enim
1276 1277 1397 1335 axis,
1437 1279 1496 1325 de
1521 1293 1618 1340 quo
1641 1285 1808 1340 postea
1829 1293 2003 1336 sermo,
2039 1279 2167 1326 inter
2205 1278 2435 1336 coelestia,

431 1356 531 1389 non
551 1343 680 1389 inter
700 1342 875 1390 sidera.
944 1341 1117 1390 GRc-r.
1182 1340 1399 1404 Mundo]
1438 1342 1488 1389 id
1511 1352 1598 1400 est,
1621 1343 1760 1390 coelo.
1830 1343 1910 1390 Ita
1931 1358 2060 1405 saepe
2082 1343 2288 1391 Plinius.
2327 1343 2437 1390 vide

430 1405 615 1454 librum
636 1407 743 1468 ejus
766 1407 818 1453 ii.
841 1421 881 1454 c.
902 1405 981 1464 64,
1005 1414 1055 1454 et
1076 1407 1206 1455 alibi.
1252 1407 1469 1457 Macrob.
1495 1407 1663 1456 Somn.
1686 1407 1815 1470 Scip.
1834 1407 1866 1455 i.
1891 1409 1969 1466 20,
1995 1415 2044 1455 et
2057 1407 2111 1455 ii.
2139 1407 2437 1456 12.—SCH.

502 1473 581 1519 18.
626 1472 799 1518 Traxit
821 1471 1066 1520 A.--OR.

504 1535 583 1587 19.
609 1533 735 1582 'Axis
753 1535 830 1594 at)
853 1535 987 1582 Male
1008 1536 1061 1582 in
1080 1535 1253 1597 primis
1274 1535 1593 1583 editionibusz
1631 1535 1749 1583 Axis
1765 1541 1861 1583 stat
1881 1541 2048 1584 motus.
2109 1536 2278 1585 Gao'r.
2326 1535 2437 1598 Ego

434 1599 608 1647 malim
647 1599 840 1662 legere:
890 1600 1013 1646 Axis
1044 1600 1126 1647 sed
1159 1603 1315 1648 motas
1352 1614 1532 1662 semper
1558 1603 1756 1663 vestigia
1793 1607 1962 1649 servat.
2029 1601 2148 1648 Axis
2187 1601 2335 1657 enim,
2375 1615 2438 1648 ex

436 1664 663 1726 opinione
698 1664 909 1723 Autoris,
951 1665 1185 1712 immotus
1207 1665 1303 1711 dici
1323 1679 1421 1712 non
1441 1679 1584 1726 posse
1607 1666 1814 1712 videtur.
1884 1665 2142 1714 Quomodo
2167 1666 2300 1712 enim
2319 1680 2438 1713 mox

437 1730 605 1776 orbem
640 1743 783 1790 agere
822 1728 1075 1788 diceretur,
1115 1729 1156 1775 si
1188 1728 1421 1776 immotus
1455 1731 1619 1776 esset?
1690 1730 1859 1776 Motus
1883 1730 2014 1776 enim
2035 1729 2193 1791 gignit
2214 1735 2428 1777 motum:

435 1793 698 1842 immotum
720 1793 843 1840 nihil
865 1800 1045 1842 movet.
1115 1792 1306 1841 Idcirco
1344 1792 1584 1840 Manilius
1623 1793 1770 1840 etiam
1805 1793 1886 1841 lib.
1927 1794 1960 1841 i.
1998 1796 2114 1841 442.
2181 1795 2279 1841 His
2315 1797 2440 1842 iuter

436 1858 641 1920 solisque
663 1860 766 1905 vias
788 1861 1046 1920 Arctosque
1066 1857 1280 1918 latentes,
1315 1857 1465 1904 Axem
1486 1874 1587 1920 quoe
1607 1858 1774 1905 mundi
1793 1858 2068 1906 stridentem
2093 1859 2304 1920 pondere
2337 1865 2437 1905 tor-

439 1928 595 1984 quent,
638 1919 761 1970 Orbe
787 1926 1039 1984 peregrino
1079 1923 1241 1969 coelum
1271 1923 1540 1984 depinqitur
1567 1924 1726 1982 actv-is,
1764 1921 1878 1978 Ques
1916 1925 2050 1970 notia
2086 1926 2274 1986 antiqui
2306 1924 2438 1970 dixe-

439 1993 555 2034 runt
590 1986 746 2034 sidera
783 1992 928 2034 vates.
1012 1986 1213 2048 Capella
1244 1986 1303 2034 de
1340 1995 1481 2048 nupt.
1519 1985 1700 2034 Philol.
1736 1986 1818 2034 lib.
1853 1987 1905 2035 ii.
1942 2002 2053 2049 pag.
2087 1988 2168 2035 45.
2234 1988 2442 2036 Videbat

437 2050 715 2112 Philologia
744 2053 898 2112 ipsam
929 2067 1030 2114 quae
1051 2050 1281 2098 ambitum
1302 2053 1481 2098 coercet
1499 2052 1737 2108 ultimum,
1773 2051 2016 2113 spheram,
2053 2055 2188 2100 miris
2220 2051 2441 2113 raptibus

438 2117 705 2172 incitatam,
735 2117 962 2179 polosque
994 2121 1041 2161 et
1070 2129 1208 2162 axem
1228 2131 1286 2162 ex
1308 2116 1410 2162 coeli
1429 2119 1698 2162 summitate
1719 2113 1955 2171 vibratum
1965 2116 2259 2178 profimdam
2282 2122 2438 2164 trans-

439 2193 595 2227 meare
632 2184 823 2238 taram,
867 2185 1008 2243 atque
1049 2178 1109 2226 ab
1153 2183 1255 2242 ipso
1292 2185 1441 2226 totam
1473 2181 1576 2227 coeli
1609 2181 1778 2228 molem
1819 2182 2176 2242 machinamque
2217 2184 2442 2244 torqueri.

440 2243 549 2293 add.
586 2243 729 2291 Idem
760 2244 847 2292 lib.
876 2245 939 2291 vi.
973 2260 1021 2307 p.
1044 2246 1157 2291 214.
1223 2244 1409 2294 Causas
1445 2252 1626 2304 autem,
1667 2259 1755 2292 cur
1789 2244 1970 2292 coelum
2014 2252 2172 2292 totum
2208 2253 2442 2308 perpetuo

440 2315 661 2358 versetur
682 2315 730 2356 et
750 2309 1123 2371 circumagatur,
1158 2307 1437 2356 Macrobius
1459 2309 1596 2367 alias,
1632 2316 1776 2371 atque
1799 2310 1950 2356 Autor
1971 2314 2149 2366 noster,
2183 2309 2442 2357 commini-

443 2372 594 2420 scitur
616 2373 669 2420 in
694 2373 859 2420 Somn.
884 2373 1011 2436 Scip.
1034 2373 1119 2420 lib.
1148 2372 1179 2420 i.
1202 2387 1245 2421 c.
1270 2372 1343 2423 17.
1411 2373 1577 2420 Habet
1610 2379 1772 2420 tamen
1803 2374 1950 2421 etiam
1985 2374 2144 2421 Grotii
2164 2375 2444 2436 conjectura

442 2437 713 2500 plurimum
735 2437 1005 2500 elegantias.
1074 2437 1214 2484 Moto
1238 2437 1369 2484 enim
1390 2438 1516 2485 coelo
1535 2437 1770 2485 immotus
1793 2438 1898 2486 axis
1917 2438 2148 2500 praeclare
2169 2439 2442 2500 opponitur.

446 2501 727 2563 Faventque
764 2503 811 2549 ei
846 2517 1012 2550 versus
1049 2501 1181 2549 XXI
1220 2513 1267 2548 et
1303 2501 1466 2549 XXII
1509 2502 1671 2549 Arati:
1717 2503 1761 2549 si
1794 2503 2064 2564 praesertim
2089 2505 2286 2565 vestiqia
2317 2503 2442 2550 refe-

444 2573 613 2613 rantur
634 2567 696 2613 ad
714 2567 887 2626 sidera,
909 2581 1018 2628 quae
1037 2566 1185 2629 paulo
1204 2574 1315 2614 ante
1331 2570 1619 2614 memoravit
1644 2567 1983 2614 Germanicus.
2039 2567 2151 2626 Sed,
2167 2574 2222 2617 ut
2239 2568 2443 2625 videtur,

446 2631 693 2678 dissensus
713 2631 841 2679 inter
862 2638 1125 2694 utrumque
1146 2630 1367 2678 nostrum
1399 2637 1473 2678 est
1507 2630 1692 2690 nullus,
1721 2632 1892 2678 saltem
1915 2626 2442 2693 perexiguus.-SCH.

574 2693 694 2742 Axis
731 2701 783 2742 at
814 2695 1061 2758 immotus]
1100 2696 1349 2756 BEGgsb.
1415 2699 1498 2742 Aa·
1517 2699 1676 2743 sisatis
1693 2700 1846 2742 motus
1879 2699 1934 2742 Α.
1999 2697 2144 2743 Axis:
2175 2701 2272 2743 stat
2293 2703 2445 2744 motus

447 2759 546 2807 FP.
613 2758 735 2807 Axis
755 2761 836 2807 scd
856 2763 1008 2808 motus
1026 2774 1204 2821 semper
1223 2761 1419 2821 vestiqia
1440 2765 1596 2807 servat
1611 2775 1653 2808 s.
1677 2760 2087 2822 auspicia—OB..

513 2825 591 2870 20.
623 2823 962 2887 Ia‘bratasque]
1000 2824 1253 2881 Manilius,
1286 2824 1372 2874 lib.
1406 2824 1442 2872 i.
1475 2839 1521 2872 v.
1544 2823 1658 2878 279.
1737 2823 2074 2888 Libratamque
2101 2827 2226 2886 qerit
2263 2824 2446 2872 diverso

446 2888 638 2935 cardine
657 2889 898 2936 mundum.
970 2887 1361 2937 enon—8011.

514 2953 596 3000 21.
634 2952 801 3000 Orbem
846 2951 970 3015 ayit]
1020 2953 1099 3001 Ita
1142 2953 1417 3014 distinguo:
1468 2953 1627 3001 orbem
1667 2955 1769 3016 ayit
1823 2951 1955 3008 dicit,
1999 2952 2114 3015 quia
2156 2951 2278 3015 legit
2317 2953 2447 3015 apud

446 3019 652 3064 Aratum
676 3017 831 3076 aliter,
858 3033 1004 3080 quam
1026 3032 1139 3064 nos:
1178 3017 1297 3080 περὶ
1319 3014 1361 3063 δ’
1382 3017 1610 3082 οὐρανὸν
1631 3015 1799 3065 αὐτὸν
1822 3014 2011 3079 ἀγινεῖ.
2049 3017 2446 3065 (inova—scu.

515 3083 593 3128 22.
626 3079 780 3142 Pars]
808 3082 941 3140 Male
965 3082 1075 3139 MS,
1113 3097 1205 3144 quo
1226 3097 1393 3130 mersa.
1428 3098 1544 3129 nam
1567 3082 1786 3143 sequitur
1814 3079 1942 3129 Pars
1963 3082 2084 3129 celsa
2105 3080 2191 3128 sub
2213 3080 2448 3142 homjfero

446 3145 694 3208 Aquilone.
742 3149 943 3195 Partem
956 3147 1062 3208 poli
1085 3147 1206 3194 dixit
1227 3161 1314 3208 pro
1336 3147 1487 3194 altero
1508 3147 1635 3208 polo.
1689 3145 1760 3192 Ut
1782 3153 1831 3193 et
1853 3147 2091 3194 Avienus:
2133 3147 2315 3192 Oceano
2328 3161 2448 3208 pars

449 3209 658 3258 Sublime
694 3213 905 3273 eriyitur,
942 3211 1068 3258 subit
1102 3213 1255 3258 altera
1290 3227 1445 3260 mersa
1478 3211 1563 3258 sub
1597 3211 1749 3258 undas
1789 3208 1918 3257 Pars
1955 3209 2179 3257 Erebum.
2271 3209 2448 3273 Neque

450 3274 589 3322 aliter
612 3274 782 3322 Cicero
813 3276 867 3322 in
904 3275 1103 3323 Deltoto
1124 3292 1167 3324 v.
1191 3278 1301 3323 242.
1324 3276 1509 3324 dixeret
1529 3276 1669 3322 tertia
1683 3289 1800 3336 pars
1823 3276 1984 3322 lateris
2003 3289 2089 3336 pro
2113 3274 2253 3322 tertio
2279 3274 2446 3323 latere.

452 3338 537 3396 Et,
578 3339 619 3386 si
658 3340 990 3401 philosophice
1023 3340 1284 3402 loquimur,
1324 3340 1510 3402 species
1550 3339 1856 3400 aliquatenus
1895 3353 2004 3400 pars
2045 3346 2120 3386 est
2153 3339 2362 3400 generis,
2399 3345 2449 3386 et

450 3402 509 3450 τὸ
534 3403 731 3466 ἄτομον
752 3404 943 3466 speciei.
1012 3405 1163 3452 Polus
1195 3404 1402 3452 arcticus
1440 3411 1490 3451 et
1521 3405 1814 3450 antarcticus
1856 3405 1946 3450 sub
1982 3405 2094 3465 polo
2129 3404 2444 3466 comprehen-

451 3467 647 3525 duntur,
668 3475 727 3515 ut
747 3469 979 3530 primum,
1003 3469 1292 3529 secundum,
1313 3469 1516 3516 tertium
1537 3468 1664 3515 latus
1688 3468 1779 3515 sub
1801 3469 1970 3516 latere.
2038 3468 2208 3515 Gno'r.
2279 3468 2374 3515 Sed
2407 3468 2450 3515 si

450 3546 562 3593 pars
600 3532 838 3580 referatur
872 3533 932 3580 ad
967 3548 1119 3591 axem,
1157 3534 1488 3594 interpretatio
1526 3533 1686 3580 Grotii
1720 3532 1926 3579 vacillat.
1995 3531 2121 3582 Quae
2144 3534 2249 3594 ipsa
2273 3532 2314 3579 si
2335 3547 2451 3579 vera

450 3595 593 3656 foret,
631 3611 692 3644 ex
724 3598 1043 3658 grammatica
1082 3599 1244 3660 potius
1280 3598 1588 3658 dijudicanda
1629 3603 1771 3653 esset,
1815 3611 1964 3658 quam
2002 3596 2327 3658 Philosophia.
2397 3596 2450 3642 Si

450 3667 673 3708 veterum
707 3661 790 3708 hic
825 3662 1011 3724 aliquid
1053 3662 1181 3709 valet
1217 3662 1463 3719 autoritas,
1501 3662 1598 3723 legi
1630 3661 1832 3723 jubeam
1870 3660 2120 3722 Capellam
2153 3661 2239 3708 lib.
2261 3659 2352 3706 IV.
2390 3660 2450 3707 de

452 3732 591 3786 nupt.
614 3725 789 3774 Philol.
811 3741 924 3788 pag.
950 3727 1013 3772 98
1036 3734 1086 3773 et
1113 3728 1220 3784 101,
1254 3727 1339 3788 qui
1374 3727 1489 3788 quid
1507 3741 1654 3789 yenus
1676 3733 1724 3772 et
1749 3730 1898 3772 tot-um
1921 3725 2144 3772 differant
2165 3732 2250 3771 aut
2273 3739 2448 3771 conve-

453 3790 605 3847 niant,
643 3791 761 3837 satis
792 3790 1003 3838 dilucide
1036 3791 1191 3839 docet.
1258 3791 1429 3837 Mersa
1448 3791 1532 3838 sub
1553 3788 1730 3852 undas]
1766 3789 1816 3836 id
1839 3796 1927 3849 est,
1957 3804 2055 3837 non
2079 3790 2291 3836 cernitur
2311 3803 2453 3850 prop-

454 3859 604 3911 terea,
644 3854 772 3915 quod
807 3855 991 3902 devexa
1023 3861 1097 3903 est
1134 3862 1275 3902 terra.
1344 3855 1459 3904 Non
1482 3855 1698 3902 cernitur
1732 3861 1899 3901 autem
1934 3868 2024 3900 nec
2053 3854 2112 3900 ab
2147 3853 2229 3911 iis,
2264 3852 2350 3913 qui
2381 3854 2452 3900 cis

456 3925 750 3979 aequatorem
784 3927 1054 3976 versantur,
1096 3934 1187 3966 nec
1225 3921 1287 3966 ab
1321 3919 1398 3977 iis,
1438 3920 1523 3980 qui
1554 3919 1726 3981 paucis
1757 3918 1982 3980 gradibus
2006 3916 2134 3964 ultra
2156 3927 2452 3978 aequatorem

452 3990 818 4044 processerunt:
852 3999 953 4040 seu,
994 3990 1050 4031 ut
1070 3984 1227 4046 magis
1260 3984 1319 4030 ad
1353 3991 1568 4031 veterem
1589 3983 1950 4044 simplicitatem
1972 3982 2117 4029 verba
2138 3982 2451 4039 conformem,

455 4061 554 4094 non
575 4047 787 4095 cernitur
808 4048 868 4095 ab
890 4048 966 4106 iis,
1010 4049 1093 4110 qui
1131 4048 1183 4096 in
1219 4048 1305 4096 illa
1344 4055 1584 4096 terrarum
1623 4047 1750 4095 orbis
1781 4053 1934 4110 parte,
1971 4060 2081 4108 quae
2117 4045 2305 4094 Graecis
2339 4053 2454 4096 nota
