2992 4842
1090 552 1162 589 an
1190 552 1546 589 PnaeuounuA
1572 552 1806 588 Anares.
2298 539 2450 596 xxxiii

513 676 627 731 276.
663 676 824 743 Lede]
863 678 1038 728 Fuisse
1059 678 1234 727 dieitur
1254 678 1442 727 Thestii
1463 678 1581 739 filia,
1618 678 1861 742 Tyndarei
1880 692 2019 737 uxor,
2052 682 2212 730 mater
2231 676 2450 727 Pollucis

445 749 496 792 et
533 744 742 793 Helenae
778 760 838 793 ex
876 746 1013 801 Jove,
1049 744 1264 791 Castoris
1299 750 1350 792 et
1383 744 1756 807 clytemnestrae
1778 759 1840 791 ex
1872 743 2143 805 Tyndareo.
2212 743 2445 807 Hyginus

443 808 593 857 fabul.
619 809 697 865 77,
723 810 801 857 78.
873 809 1156 857 Lactantius
1192 808 1237 857 Ι.
1275 823 1316 856 e.
1357 810 1438 868 21,
1478 824 1517 856 s.
1552 810 1631 856 23.
1700 808 1865 856 Instit.
1900 808 1995 856 div.
2060 806 2297 856 Romulus
2333 815 2446 870 post

443 880 642 921 mortem
688 873 924 930 Quia-iaus
947 874 1116 933 sactus
1151 877 1236 933 est,
1271 878 1321 919 et
1355 873 1483 920 Leda
1516 873 1735 921 Nemesis
1742 889 1761 931 ,-
1796 878 1843 919 et
1878 871 2013 919 Circe
2032 873 2247 922 Marica.
2316 872 2446 920 Add.

446 937 669 1001 Euripid.
696 938 924 1000 Iphigen.
949 938 998 986 in
1022 937 1192 985 Aulid.
1231 952 1277 985 v.
1303 936 1331 989 7
1337 938 1398 984 94
1421 953 1555 999 seqq.
1607 937 1836 999 Hyginus
1858 938 1994 985 Post.
2040 940 2234 986 Astron.
2256 936 2344 984 lib.
2368 936 2443 985 ΙΙ.

445 1002 506 1049 de
543 1002 674 1050 olore
715 1002 972 1064 distinguit
1008 1001 1246 1049 Nemesin
1279 1016 1308 1048 a
1342 1002 1492 1059 Leda,
1513 1002 1730 1063 itemque
1753 1001 2019 1049 Pausanias
2040 1000 2126 1051 lib.
2151 1002 2197 1049 Ι.
2224 1017 2267 1051 ο.
2290 1002 2369 1059 33,
2392 1016 2441 1063 p.

443 1081 513 1113 m.
557 1069 635 1114 82.
703 1066 813 1114 Vid.
854 1067 1004 1115 etiam
1043 1066 1394 1129 Spanhemium
1429 1067 1492 1114 ad
1525 1066 1811 1115 callimach.
1843 1081 1957 1128 pag.
1998 1068 2112 1115 286.
2189 1066 2441 1113 Ausonius

443 1130 752 1194 Epigramm.
785 1132 889 1179 LV.
925 1131 985 1179 de
1023 1131 1239 1191 Castore,
1281 1130 1486 1179 Polluce
1526 1139 1576 1179 et
1615 1131 1833 1178 Helena:
1872 1133 1995 1177 Istos
2030 1132 2281 1193 teryemino
2306 1133 2441 1178 nasci

441 1210 560 1257 quos
579 1198 731 1243 cemis
751 1195 810 1243 ab
833 1212 936 1254 ovo,
973 1194 1201 1243 Patribus
1220 1194 1453 1257 ambiquis
1472 1202 1519 1243 et
1537 1192 1770 1243 matribus
1790 1210 1943 1242 assere
1959 1200 2111 1254 natos,
2146 1198 2249 1242 Hos
2276 1196 2442 1256 qen-uit

446 1261 685 1308 Nemesis.-
716 1261 798 1307 sed
819 1260 950 1307 Leda
961 1260 1354 1321 puerperasovit,
1375 1259 1995 1322 ec.-SCH.—Cy0nus
2016 1260 2150 1307 EPb.
2192 1259 2381 1321 Cygnus
2400 1274 2440 1308 s.

445 1324 621 1372 Cic-nus
643 1325 748 1372 AB.
800 1324 974 1385 (Ibid.)
1021 1325 1095 1371 vel
1126 1323 1263 1372 Leda:
1299 1324 1548 1386 thalamis]
1592 1325 1671 1371 Sic
1712 1326 1771 1372 A.
1804 1324 1927 1384 (soil.
1951 1324 2069 1371 velle
2090 1323 2383 1372 daethalamis
2395 1322 2435 1385 .·)

442 1390 668 1437 omnibus
700 1404 816 1436 vero
849 1388 1003 1436 literis
1041 1395 1169 1436 recte
1203 1389 1478 1451 dispositis:
1516 1390 1621 1436 BE.
1656 1389 1905 1435 firmantes
1926 1402 1973 1449 g.
1996 1389 2124 1450 conj.
2146 1389 2216 1437 sb.
2254 1390 2440 1451 Cycnus

439 1454 499 1499 de
521 1452 748 1501 thalamis
769 1454 974 1500 candens
993 1453 1094 1501 FP.
1140 1453 1343 1515 Cymus,
1365 1454 1440 1500 vel
1458 1454 1661 1501 candens
1682 1454 1907 1501 thalamis
1926 1468 1975 1515 g.
2006 1452 2176 1514 (Ibid.)
2207 1452 2435 1515 illapsus]

441 1517 502 1564 de
523 1532 571 1579 g.
597 1520 721 1579 conj.
745 1518 813 1565 sb.
849 1518 1012 1577 lapsus
1033 1517 1548 1579 ABEGFPg.-—OR.

509 1581 620 1632 277.
654 1582 810 1629 Furta
845 1580 1010 1643 Jovis]
1049 1582 1098 1629 id
1132 1588 1222 1640 est,
1259 1598 1474 1630 amorem
1498 1581 1855 1630 clandestinum
1893 1596 2009 1643 erga
2048 1580 2255 1629 Ledam.
2320 1580 2433 1630 Vid.

441 1644 683 1693 Manilius
719 1646 761 1693 1.
797 1647 907 1703 336,
943 1662 1073 1709 seqq.
1144 1646 1390 1709 Hyginus,
1429 1647 1736 1708 Fulgentius,
1770 1646 1873 1694 alii.
1939 1646 2017 1694 De
2055 1661 2148 1693 usu
2172 1647 2309 1707 furti
2346 1661 2434 1708 pro

441 1710 680 1758 adulterio
713 1710 822 1758 vide
861 1711 1082 1758 Servium
1116 1712 1178 1757 ad
1217 1711 1408 1759 AEneid.
1432 1712 1517 1759 lib.
1540 1712 1605 1758 X.
1626 1726 1673 1759 v.
1699 1712 1777 1758 91.
1844 1710 2042 1758 Omittit
2061 1710 2220 1757 Autor
2241 1711 2435 1759 tertiam

440 1774 674 1832 fabulam,
697 1790 806 1838 quae
828 1775 888 1822 de
910 1776 1066 1823 sidere
1087 1776 1258 1823 eodem
1278 1776 1563 1823 circumlata
1584 1781 1672 1823 est.
1716 1776 1936 1823 Fuerunt
1952 1775 2099 1832 enim,
2116 1775 2202 1836 qui
2219 1774 2433 1823 Milvum

437 1838 492 1885 id
513 1846 614 1887 este
637 1847 932 1895 statuerent3
969 1842 1109 1902 quus
1131 1840 1464 1887 memorabilia
1488 1840 1693 1887 Ovidius
1717 1842 1845 1887 Fast.
1872 1840 1976 1887 III.
2003 1838 2099 1891 793
2122 1854 2255 1902 seqq.
2275 1854 2437 1901 perse-

437 1903 620 1965 quitur.
689 1904 878 1951 Plinius
913 1904 1032 1951 item
1067 1903 1272 1952 XVIII.
1309 1904 1370 1951 26
1403 1906 1582 1953 decimo
1614 1907 1779 1967 quinto
1818 1904 2051 1951 Calendas
2068 1902 2251 1963 Aprilis
2278 1902 2433 1953 Italiae

438 1968 653 2015 Milvum
672 1970 849 2016 ostendi
871 1969 1052 2017 scribit.
1121 1968 1216 2017 Sed
1237 1970 1415 2016 rectius
1451 1968 1637 2016 Milvus
1670 1984 1700 2015 a
1734 1969 1907 2030 Cygno
1930 1968 2434 2018 secernitur.—SCH.

505 2032 615 2083 278.
654 2032 790 2079 Inter
809 2032 1064 2094 desectum]
1104 2033 1174 2080 Hi
1207 2048 1375 2080 versus
1408 2034 1460 2080 in
1493 2033 1704 2095 vulgatis
1726 2033 1917 2090 desunt,
1956 2033 2321 2095 Manuscriptus
2345 2048 2428 2081 eos

435 2096 650 2158 supplet.
715 2096 967 2158 Defectum
988 2098 1120 2145 sidus
1143 2105 1196 2144 ut
1219 2112 1364 2159 supra
1398 2114 1440 2145 v.
1468 2098 1547 2145 65.
1636 2098 1789 2145 Haud
1817 2098 1985 2158 procul
2015 2098 2189 2159 effiqies
2223 2099 2332 2145 inde
2363 2103 2435 2145 est

435 2161 616 2218 deficta
637 2160 814 2208 labore.
884 2162 1398 2211 Gnor.—SCH.——
1412 2162 1663 2210 Omittunt
1692 2162 1783 2209 hos
1806 2170 1903 2209 tres
1924 2177 1998 2210 vy.
2022 2161 2255 2212 278-280.
2279 2162 2428 2210 AFP.

438 2224 638 2273 Habent
660 2226 909 2287 BEGgsb.
941 2229 1220 2289 ciynumque
1243 2226 1484 2276 B.—-OR.

502 2291 616 2337 280.
650 2289 713 2336 In
736 2290 970 2353 Oyynum]
997 2292 1130 2353 Lege
1151 2294 1206 2338 in
1226 2291 1403 2354 qum.
1469 2291 1541 2337 Et
1573 2289 1681 2337 haeo
1720 2290 1885 2338 omnia
1919 2290 2201 2339 indistincta
2231 2289 2316 2350 ita,
2355 2290 2429 2337 uti

434 2367 526 2399 nos
562 2354 786 2413 fecimus,
826 2355 1084 2416 distingue.
1170 2355 1310 2402 Idem
1352 2356 1471 2402 dicit
1512 2356 1643 2417 quod
1686 2355 1875 2402 Cicero.
1964 2354 2127 2403 Altera
2162 2368 2275 2415 pars
2318 2354 2429 2402 huic

433 2416 632 2465 obscura
665 2426 732 2465 est
763 2425 811 2465 et
841 2420 1036 2467 luminis
1067 2432 1244 2479 expers,
1281 2420 1447 2467 Altera
1480 2436 1565 2467 nec
1592 2423 1753 2480 parvis
1784 2435 1869 2467 nec
1898 2420 2042 2467 claris
2076 2419 2258 2467 lucibus
2277 2420 2427 2469 ardet.

436 2481 732 2544 Quanquam
752 2484 886 2530 aliud
910 2491 1083 2531 sonent
1116 2484 1256 2531 Arati
1278 2486 1437 2532 verba.
1505 2483 2115 2547 Gn.—SCH.—Cyeuo
2138 2484 2196 2531 de
2218 2499 2265 2547 g.
2300 2483 2426 2546 conj.

435 2546 509 2595 sb.
543 2562 742 2608 cycnum
765 2548 1130 2609 BEGg.-—-OR.

501 2613 610 2658 281.
655 2612 802 2659 Haud
823 2612 876 2659 F.
912 2612 1084 2659 Morel.
1105 2628 1153 2673 g.
1177 2612 1312 2675 prob.
1337 2613 1385 2659 b.
1409 2612 1462 2659 in
1487 2615 1689 2659 Annott.
1722 2613 1889 2661 mediis
1911 2612 1965 2661 P.
1993 2614 2150 2674 pinna
2173 2611 2236 2660 E.
2258 2611 2427 2673 (Ibid.)

432 2674 570 2734 laeta]
594 2676 888 2734 ABEGFP.
911 2678 942 2723 i.
959 2694 998 2723 e.
1017 2677 1280 2738 splendida.
1319 2677 1459 2723 Arati
1471 2692 1519 2725 v.
1535 2676 1645 2727 276.
1683 2677 1842 2725 Mose.
1862 2676 2038 2735 Buhle,
2056 2676 2243 2725 Buttm.
2266 2676 2422 2724 Bekk.

435 2738 502 2786 τὰ
525 2736 574 2785 δέ
599 2738 645 2786 οὶ
667 2740 828 2805 πτερὰ
849 2739 1195 2805 τετρὴχυνται
1217 2739 1490 2804 ἀστράσιν.
1526 2742 1625 2788 lata
1644 2742 1933 2802 gsb.-OR.

499 2804 613 2852 282.
650 2805 868 2865 Cephoeos
891 2806 1131 2853 E.—OR.

497 2869 612 2915 283.
644 2868 818 2932 Fuyit]
857 2869 1103 2932 eleganter
1139 2875 1188 2917 et
1218 2869 1420 2932 poetice.
1489 2869 1707 2917 Pessime
1730 2868 2027 2931 MS.sulyet.
2098 2866 2418 2915 GR.——SCH.

431 2932 628 3043 *ἐι
647 2935 764 2982 laeva
782 2933 945 2997 fuqit]
969 2936 1245 2996 AEFPgsb.
1282 2933 1346 2981 At
1364 2935 1529 2997 fulqet
1549 2936 1668 2982 laeva
1692 2935 1750 2983 B.
1786 2933 1959 2997 (fialqet
1980 2934 2127 2981 etiam
2154 2931 2240 2995 G.)
2273 2947 2420 2995 μερα-

429 3010 532 3043 sum
598 2999 725 3045 .—0
737 3000 793 3046 R..

431 3090 437 3095 -
497 3063 606 3108 284.
640 3061 860 3111 Piscibus
881 3066 917 3110 i.
940 3079 980 3109 e.
1004 3063 1035 3110 l.
1057 3070 1110 3111 at
1131 3079 1171 3110 c.
1191 3078 1234 3109 e.
1257 3062 1323 3111 D.
1343 3079 1406 3111 m.
1433 3063 1463 3110 l.
1486 3078 1586 3125 quoe
1606 3064 1657 3124 f.
1681 3067 1738 3109 st.
1772 3061 1834 3109 A.
1866 3077 1906 3109 e.
1975 3063 2075 3108 Nec
2106 3061 2273 3121 procul
2309 3059 2420 3109 hinc

427 3123 596 3174 dextra
630 3128 849 3189 defundit
875 3126 1118 3190 Aquarius
1149 3127 1317 3174 undas.
1383 3126 1541 3189 Aeque
1574 3129 1767 3175 imitata
1798 3126 1973 3173 cadunt
1994 3141 2037 3171 e.
2052 3140 2091 3173 s.
2116 3124 2177 3182 l.]
2215 3125 2285 3173 Hi
2323 3126 2419 3175 duo

429 3200 598 3236 versus
620 3191 671 3238 in
697 3192 810 3239 MS.
831 3192 1160 3247 inveniuntur,
1183 3192 1236 3238 in
1256 3190 1466 3253 vulgatis
1490 3191 1760 3238 desiderati.
1809 3190 1870 3238 In
1894 3190 2070 3252 quibus
2090 3190 2211 3237 duos
2234 3205 2417 3239 errores

429 3254 726 3303 correximus
764 3257 830 3305 ad
859 3272 946 3319 pro
977 3262 1030 3303 at
1062 3263 1112 3303 et
1144 3271 1236 3318 qua
1269 3271 1354 3318 pro
1389 3272 1488 3317 quae
1510 3255 1836 3303 restituentes.
1902 3255 2017 3302 Duo
2042 3268 2123 3301 eos
2144 3261 2417 3316 sequentes,

429 3331 551 3378 quos
572 3320 686 3379 quia
705 3321 988 3369 videbantur
1004 3321 1244 3383 pertinere
1259 3321 1319 3367 ad
1332 3320 1537 3382 Aquarii
1552 3318 1939 3381 descriptionem,
1954 3319 2109 3365 textui
2122 3318 2418 3367 inseruimus

429 3396 491 3428 ex
508 3382 861 3447 Manusoripto‚
883 3386 978 3433 hue
1000 3400 1097 3432 non
1119 3385 1374 3447 pertinent.
1432 3385 1564 3431 Nam
1589 3384 1781 3431 eosdem
1803 3382 1930 3430 infra
1952 3398 2040 3430 suo
2060 3382 2168 3430 loco
2188 3384 2417 3445 repetitos

426 3444 644 3495 invenies
676 3458 786 3511 post
820 3449 976 3497 Piscis
1009 3448 1149 3497 Notii
1181 3449 1503 3496 aster-ismum.
1572 3447 1633 3494 In
1656 3448 1826 3495 eodem
1846 3448 1969 3494 libro
1988 3447 2068 3495 hic
2092 3449 2419 3509 sequebantur

427 3518 634 3570 quatuor
655 3512 739 3561 alii
760 3530 943 3571 versus,
966 3528 1175 3575 quorum
1195 3514 1382 3576 primus
1402 3513 1589 3575 incipit,
1614 3512 1853 3575 Equibus,
1881 3512 2081 3559 ultimus
2104 3512 2281 3560 desinit
2304 3529 2413 3575 per-

421 3576 556 3622 nicia
594 3590 750 3635 crura,
787 3594 909 3640 quos
947 3578 1116 3625 eodem
1151 3578 1258 3625 loco
1293 3578 1519 3639 reperies.
1582 3576 1795 3624 Versum
1826 3576 1975 3624 etiam
2008 3576 2152 3624 illum
2192 3576 2418 3638 Scorpios

425 3644 580 3685 erecta
599 3645 784 3704 torquet
805 3658 898 3705 qua
917 3644 1098 3704 spicula
1119 3643 1270 3690 cauda
1301 3642 1398 3689 huc
1423 3657 1520 3689 non
1542 3641 1783 3703 pertinere
1818 3649 1867 3707 et
1898 3641 2255 3689 emendandum
2290 3656 2412 3699 esse,

422 3702 553 3752 infra
576 3704 870 3754 docebimus.
941 3707 1043 3755 GR.
1113 3707 1218 3753 Nos
1239 3707 1526 3753 rescidimus
1560 3706 1680 3753 duos
1712 3705 1823 3752 illos
1844 3720 2014 3753 versus
2036 3705 2233 3752 alienos.
2301 3704 2414 3753 Pis-

423 3768 555 3815 cibus
587 3770 856 3834 interlucet]
903 3770 1026 3818 Haee
1061 3772 1208 3819 verba
1241 3786 1330 3818 cur
1363 3770 1647 3832 interposita
1684 3770 1796 3826 sint,
1832 3784 1895 3817 ex
1932 3768 2224 3817 Germanico
2247 3776 2413 3817 nostro

423 3847 568 3880 nemo
591 3832 734 3883 facile
754 3836 1023 3897 intelligat-z
1062 3835 1158 3883 Sed
1179 3841 1295 3882 sunt
1316 3835 1376 3882 ab
1397 3838 1543 3882 Arato
1565 3835 1773 3882 scienter
1794 3840 1843 3881 et
1874 3834 1998 3881 belle
2023 3832 2290 3893 interjecta.
2360 3834 2413 3882 Si

421 3896 628 3957 figuram
653 3899 786 3962 Equi
820 3908 869 3949 et
903 3900 1063 3963 Cygni
1085 3900 1352 3961 aspexisset
1370 3900 1505 3962 prius
1525 3898 1685 3947 Autor
1705 3904 1883 3955 noster,
1906 3898 2031 3945 hauc
2050 3896 2265 3945 fortassis
2287 3897 2410 3946 effu-

421 3962 573 4021 gisset
594 3963 839 4014 inertiam.
907 3964 1031 4012 Haee
1051 3964 1324 4026 interpono,
1359 3970 1413 4011 ut
1435 3964 1553 4025 quid
1575 3962 1807 4011 versionis
1829 3962 2081 4024 diligentia
2098 3960 2411 4023 postulasset,

419 4026 736 4091 intelligatur,
769 4038 820 4077 et
843 4037 901 4077 ut
912 4029 1204 4091 judicaturis
1223 4029 1282 4077 de
1317 4031 1496 4091 Autore
1518 4034 1683 4077 nostro
1702 4027 1859 4075 facem
1880 4025 2409 4090 praelueeam.-SCH.
