2992 4842
947 544 951 548 '
1036 556 1106 591 An
1133 556 1490 593 ruaeuounus
1515 554 1750 593 Anum.
2277 546 2391 593 xxxi

394 678 616 729 Plinium
637 680 840 731 XVIII.
875 696 981 745 cap.
1005 685 1085 742 25,
1124 684 1348 732 Servium
1381 683 1442 732 sd
1476 685 1654 745 Georg.
1690 681 1779 732 lib.
1805 682 1851 731 Ι.
1869 697 1918 731 v,
1938 684 2048 741 222,
2071 687 2121 731 et
2156 698 2185 731 e
2219 698 2388 732 recen-

391 746 600 795 tioribus
638 746 905 795 Cellarium
943 748 1109 796 Elem.
1143 752 1268 797 Astr.
1306 764 1416 811 pag.
1447 749 1529 805 31,
1560 750 1639 805 38,
1677 747 2186 796 36.-—SCH.—Sic
2224 749 2388 811 FPgb.

393 818 559 859 ventus
579 814 954 873 superimminet
975 816 1083 874 aqri
1105 815 1204 863 BE.
1238 819 1404 861 ventus
1422 828 1565 875 super
1583 814 1801 860 immovet
1813 814 1910 861 atri
1931 812 1993 859 A.
2026 814 2215 859 veniens
2230 828 2387 875 super-

396 876 614 924 imminet
648 883 784 925 oestas
819 892 868 938 g.
919 892 1051 939 susp.
1087 878 1189 939 (qui
1224 892 1398 940 parum
1436 878 1690 939 perspicue
1723 883 1950 924 annotat:
1989 875 2101 925 MS.
2123 877 2297 935 aliene,
2332 886 2390 926 ut

394 939 512 997 dixi,
534 940 641 988 loco
663 947 798 987 oestas
818 940 999 1001 refert.)
1019 944 1236 1003 aqrieolae
1250 947 1499 990 maturans
1515 945 1729 989 imminet
1770 948 1906 988 aestas
1921 941 2067 988 vose.
2090 942 2151 988 ad
2182 946 2312 990 Atat.
2337 958 2385 1005 p.

393 1005 473 1051 52.
530 1004 688 1061 Quum
703 1008 848 1065 perit,
879 1008 1138 1067 ayricolam
1155 1008 1329 1054 vellens
1346 1009 1701 1068 superimminet
1730 1012 1864 1053 estas
1884 1022 1921 1053 s.
1946 1005 2256 1067 conj.—OR.

460 1069 571 1116 268.
605 1068 780 1117 Venms
799 1074 1151 1131 superimminet
1168 1070 1348 1133 auster]
1375 1072 1486 1120 MS.
1510 1071 1684 1127 alieno,
1708 1072 1782 1118 uti
1803 1071 1919 1127 dixi,
1944 1070 2046 1117 loco
2068 1076 2201 1118 aestas
2224 1071 2387 1131 refert,

392 1139 443 1179 et
464 1140 750 1195 sequentem
788 1150 984 1182 versum
1017 1136 1087 1183 its.
1119 1136 1343 1198 concipit,
1381 1136 1445 1182 At
1479 1150 1585 1183 cum
1617 1138 1770 1197 surqit
1806 1134 1952 1183 hiems
1978 1142 2127 1196 ponto
2149 1136 2390 1198 fuqienda

385 1199 571 1259 peritis.
626 1197 809 1245 Versus
848 1208 1014 1246 autem
1050 1200 1140 1247 hos
1174 1201 1244 1247 ita
1278 1200 1511 1263 legendos
1545 1206 1683 1262 puto,
1726 1199 1847 1247 Cum
1878 1202 2088 1261 primum
2130 1202 2387 1263 ayricolam

389 1265 582 1310 veniens
612 1266 961 1324 superimminet
995 1272 1148 1324 oestas,
1183 1263 1255 1311 Et
1276 1280 1382 1312 eum
1403 1267 1555 1327 suryit
1576 1264 1725 1311 hiems
1752 1269 1915 1327 ponto,
1936 1265 2174 1326 sapienda
2200 1268 2386 1327 peritis.

391 1326 524 1373 Alibi
545 1340 737 1390 quoque
761 1331 949 1375 veniens
969 1327 1019 1374 in
1043 1336 1210 1377 ventus
1224 1336 1470 1377 mutatum
1489 1336 1581 1377 est.
1638 1328 1818 1376 Confer
1840 1344 1955 1376 cum
1972 1329 2080 1375 istis
2106 1329 2383 1377 Ciceronis:

390 1389 658 1453 Propterea
692 1394 818 1454 quod
850 1398 896 1439 et
929 1397 1102 1441 «estatis
1127 1395 1397 1456 primordia
1435 1395 1604 1451 clarat,
1638 1390 1709 1440 Et
1731 1398 1842 1454 post
1874 1392 2059 1441 hiberni
2074 1394 2386 1455 proepandens

393 1459 614 1517 temporis
635 1463 781 1514 ortus,
821 1455 1068 1515 Admonet,
1104 1464 1160 1505 ut
1194 1460 1418 1506 mandent
1452 1459 1676 1506 mortales
1714 1460 1894 1505 semina
1929 1461 2084 1505 terris.
2159 1458 2386 1507 Quorum

391 1534 560 1567 versus
581 1522 766 1582 primus
788 1529 1042 1582 corruptus
1064 1523 1115 1571 in
1137 1523 1361 1585 vulgatis.
1401 1524 1571 1571 Gno‘r.
1636 1522 1811 1570 Ventus
1826 1521 2057 1585 ..au-ster]
2083 1522 2177 1570 Per
2196 1529 2386 1571 ventum

391 1589 612 1632 austrum
634 1586 1120 1647 superimminentem
1141 1588 1382 1651 agricolis,
1417 1588 1598 1635 aestatis
1633 1587 1830 1634 initium
1864 1587 2098 1649 designat.
2164 1585 2387 1650 Antiqua

391 1656 559 1697 autem
581 1650 762 1697 locutio
786 1656 950 1697 ventus
968 1658 1140 1710 auster,
1157 1661 1221 1700 ut
1239 1658 1403 1700 ventus
1440 1654 1620 1714 aquilo.
1670 1651 1949 1713 Propertius
1972 1651 2031 1700 11
2055 1651 2175 1712 eleg.
2201 1653 2249 1709 4,
2274 1667 2319 1702 v.
2333 1655 2385 1700 4.

391 1712 465 1761 Et
498 1714 635 1761 nobis
668 1714 847 1777 aquilo,
886 1714 1111 1777 Cynthia,
1147 1723 1313 1765 ventus
1348 1719 1455 1765 erit.
1526 1717 1648 1764 Cato
1686 1716 1749 1764 R.
1786 1716 1849 1763 R.
1892 1731 1933 1763 c.
1966 1717 2047 1774 40,
2079 1715 2205 1762 Vites
2240 1719 2387 1765 inseri

391 1784 573 1840 oportet
593 1779 705 1826 luna
724 1780 884 1827 silenti
902 1786 1009 1841 post
1027 1782 1270 1829 meridiem
1289 1784 1390 1828 sine
1410 1787 1545 1829 vento
1566 1786 1745 1829 austro.
1813 1782 1877 1827 Et
1901 1780 2016 1829 alibi
2036 1780 2235 1843 passim.
2303 1782 2385 1830 Sic

393 1842 527 1889 enim
567 1842 904 1905 loquebantur,
940 1844 1076 1892 nobis
1109 1853 1212 1893 erat
1244 1853 1408 1894 ventus
1442 1852 1628 1893 auster.-
1662 1851 1800 1892 vento
1834 1852 1995 1893 austro
2027 1844 2382 1907 naviqabamus.

395 1906 520 1955 Haec
546 1908 711 1957 Sama.
771 1908 985 1956 Exercit.
1010 1910 1140 1957 Plin.
1163 1926 1272 1973 pag.
1293 1911 1405 1969 523,
1430 1911 1476 1957 b.
1503 1911 1566 1968 A,
1591 1910 1650 1966 B,
1677 1909 1737 1957 C.
1794 1909 1923 1956 Mihi
1946 1924 2044 1957 non
2066 1910 2256 1957 videtur
2269 1910 2384 1959 ferri

390 1985 534 2033 posse
555 1973 864 2028 constructio,
886 1974 1144 2036 agricolam
1166 1976 1535 2037 superimminet.
1584 1974 1759 2021 Malim
1776 1989 1905 2035 ergo,
1929 1974 2188 2036 ayrieolam
2210 1975 2384 2023 vellens

389 2040 756 2099 superimminet,
791 2038 868 2084 vel
889 2040 1102 2099 ayricoloe
1123 2043 1310 2087 veniens
1330 2042 1682 2101 superimminet
1704 2044 1853 2086 «estas.
1920 2038 2015 2086 Est
2036 2048 2202 2086 autem
2227 2038 2385 2087 Autor

391 2107 558 2148 noster
580 2101 772 2163 Virgilii
789 2101 1017 2150 imitator.
1083 2104 1239 2165 Atqui
1261 2103 1496 2165 Virgilius
1519 2104 1569 2151 in
1595 2104 1729 2165 Copa
1746 2117 1887 2150 versu
1909 2103 1998 2151 ult.
2064 2103 2204 2150 Mors
2224 2111 2383 2153 autem

391 2164 582 2225 vellens,
618 2169 775 2223 vivite,
815 2168 901 2222 ait,
939 2169 1091 2216 venio.
1157 2169 1292 2230 Ergo
1314 2168 1421 2216 haec
1442 2168 1587 2215 lectio
1613 2168 1754 2215 unice
1773 2168 2099 2230 praeoptsnda.
2171 2167 2381 2230 Ineptis-

392 2230 574 2277 simum
608 2230 807 2292 quidem
843 2237 917 2278 est
951 2236 1139 2279 veniens
1171 2235 1538 2295 superimminet.
1605 2233 1740 2280 Male
1773 2234 1891 2279 item
1931 2239 2090 2280 auster
2125 2234 2382 2295 opponitur

391 2293 551 2343 hiemi.
601 2294 709 2342 Nec
726 2298 938 2357 primum
958 2296 1080 2344 illud
1101 2298 1285 2360 placet:
1321 2298 1490 2344 malim
1512 2301 1657 2359 perit,
1682 2304 1737 2344 ut
1758 2306 2027 2359 opponatur
2048 2298 2191 2344 verbo
2211 2301 2381 2359 surqit.

391 2357 488 2405 Pro
519 2365 668 2421 ponto
700 2360 852 2407 satius
889 2367 962 2407 est
984 2361 1080 2423 legi
1113 2365 1266 2425 ponti.
1332 2360 1480 2409 Ponti
1506 2364 1653 2423 periti
1686 2368 1799 2409 sunt
1831 2369 2007 2419 nautae,
2048 2362 2131 2423 qui
2165 2363 2381 2422 ayo-icoloe

389 2434 717 2485 opponuntur.
787 2424 929 2472 Hanc
963 2426 1224 2474 lectionem
1261 2426 1375 2488 quia
1408 2427 1671 2475 necessitas
1704 2425 1992 2488 postulabat,
2023 2427 2075 2473 in
2098 2434 2382 2476 contextum

390 2502 620 2535 versuum
641 2488 896 2537 intulimus
916 2507 928 2536 t
963 2506 1074 2538 cum
1096 2492 1366 2553 praesertim
1388 2492 1572 2539 faveret
1604 2492 1811 2539 Aratus:
1847 2487 1908 2536 Αἱ
1929 2490 2023 2552 μὲν
2046 2488 2182 2553 ὅμως
2204 2487 2381 2555 ὀλίγαι

390 2552 475 2599 καὶ
499 2551 756 2617 ἀφεγγέες,
779 2551 900 2600 ἀλλ’
923 2554 1181 2617 ὀνομαςαὶ
1196 2554 1316 2619 Ἧρι
1336 2556 1420 2604 καὶ
1444 2553 1692 2619 ἑσπέριαι,
1718 2556 1840 2611 Ζεὺς
1862 2551 1906 2601 δ’
1929 2554 2107 2617 αἴτιος,
2134 2554 2381 2605 εἱλίσσον-

391 2632 496 2665 ται.
522 2615 622 2675 ’Ός
643 2626 778 2681 σφισι
807 2618 890 2666 καὶ
908 2617 1083 2683 θέρεος
1104 2622 1189 2668 καὶ
1212 2620 1458 2685 χείματος
1474 2618 1781 2685 ἀρχομένοιο
1800 2619 2078 2683 Σημάινειν
2095 2619 2378 2683 ἐκέλευσεν,

390 2680 710 2747 ἐπερχομένε
734 2688 781 2732 τ’
805 2681 1026 2744 ἀρότοιο.
1042 2685 1240 2733 —SCH.

457 2750 570 2797 269.
604 2747 676 2797 Et
707 2746 875 2813 quum]
908 2748 1189 2811 A(F)Pgsb.
1238 2748 1304 2797 At
1343 2766 1484 2813 quum
1527 2748 1637 2796 BG.
1686 2750 1863 2812 hiemps
1900 2751 1962 2799 A.
2012 2748 2182 2810 (Ibid.)
2226 2756 2379 2812 ponto

373 2812 614 2875 suqienda
651 2815 748 2865 Gb.
797 2814 954 2879 (prob.
992 2812 1060 2875 g.)
1103 2822 1253 2875 ponto
1290 2821 1357 2861 est
1383 2813 1627 2877 fiayienda
1672 2816 1724 2860 B.
1761 2820 1904 2877 portu
1922 2812 2165 2875 suffienda
2197 2815 2378 2878 AFPg.

386 2878 521 2938 prob.
547 2877 736 2927 Vossio.
769 2880 839 2927 Et
859 2893 1001 2941 quum
1021 2882 1186 2941 suryit,
1222 2880 1370 2927 hiems
1382 2882 1523 2942 ponti
1527 2879 1764 2939 fiayienda
1777 2895 1830 2942 p.
1852 2894 1890 2927 s.
1914 2879 2039 2939 conj.
2084 2878 2281 2926 Omittit
2303 2896 2378 2929 vv.

389 2942 622 2993 269-274.
644 2943 704 2991 E.
741 2944 990 2992 Omittunt
1011 2958 1088 2990 vv.
1113 2944 1349 2993 270-272.
1373 2943 1706 2991 ΑΕΗ-ΟΒ..

353 3051 358 3055 .
456 3007 570 3058 270.
609 3007 738 3064 Quin
757 3014 902 3057 etiam
925 3006 984 3054 L.
1009 3007 1090 3054 M.
1115 3009 1160 3055 d.
1184 3008 1396 3055 Deorum
1427 3006 1752 3055 Plurimulum
1772 3012 1965 3070 accepta
1984 3006 2127 3069 proha
2146 3008 2305 3055 coelon.
2330 3024 2375 3057 a.

387 3069 549 3119 labore
573 3071 825 3121 Devictam
845 3073 1042 3134 effigiem
1059 3088 1109 3134 p.
1132 3081 1379 3135 erectaque
1397 3074 1579 3119 dextra.
1655 3070 1715 3119 T.
1737 3071 1773 3118 l.
1787 3088 1842 3135 p.
1866 3073 2001 3120 tortis
2014 3087 2054 3119 s.
2088 3070 2155 3119 D.
2177 3071 2378 3121 Summa

384 3151 510 3198 yenu
530 3136 750 3185 subversa
772 3143 907 3194 tenet,
933 3152 1026 3199 qua
1046 3153 1094 3183 se
1116 3139 1248 3199 hyra
1269 3135 1446 3198 versat]
1493 3137 1564 3184 Hi
1599 3145 1695 3184 tres
1737 3151 1903 3183 versus
1941 3142 2042 3183 tam
2077 3138 2289 3199 corrupti
2322 3138 2375 3185 in

388 3201 719 3263 manuscripto
740 3202 999 3263 leguntur:
1035 3201 1088 3248 in
1126 3209 1298 3263 quarto
1335 3216 1422 3264 pro
1453 3203 1591 3248 tortis
1622 3200 1807 3261 vulgati
1830 3200 1959 3247 male
1980 3198 2157 3247 Parthi
2179 3201 2374 3249 habent.

390 3263 498 3311 Nos
533 3266 829 3327 conjecimus
867 3267 956 3313 hos
978 3281 1144 3313 versus
1177 3266 1245 3313 ita
1277 3266 1534 3327 legendos:
1574 3264 1703 3321 Quin
1725 3266 1869 3312 etiam
1888 3265 2021 3327 Lyra
2048 3268 2278 3313 Mercurio
2300 3266 2375 3314 di·

389 3328 526 3385 lecta,
565 3331 756 3377 deorum
776 3329 916 3379 Proli
937 3337 1144 3392 accepta,
1179 3334 1260 3391 pio
1296 3332 1408 3378 coelo
1439 3332 1561 3377 nitet
1578 3333 1686 3376 ante
1708 3330 1865 3377 labore
1893 3329 2139 3377 Devictam
2160 3330 2376 3392 effiqiem,

385 3394 554 3453 planta
583 3410 677 3457 qua
707 3401 860 3444 erecta
894 3398 1088 3443 sinistra
1131 3394 1366 3454 Tempora
1397 3396 1514 3441 laeva
1543 3395 1716 3453 premit
1747 3395 1861 3442 torti
1880 3390 2085 3457 subjecta
2120 3394 2377 3445 Draconis.

389 3457 468 3505 De
486 3460 617 3521 Lyra
634 3460 694 3507 ab
710 3460 949 3509 Mercurio
972 3460 1172 3507 inventa
1183 3460 1331 3506 habes
1349 3459 1478 3521 apud
1495 3458 1819 3522 mythologos.
1867 3458 2057 3506 Eadem
2077 3458 2377 3521 Argonautis

388 3533 600 3585 accepta.
667 3524 717 3571 Si
752 3524 950 3587 quidem
974 3524 1199 3585 Orpheus
1221 3524 1346 3571 hanc
1369 3524 1527 3586 lyram
1550 3524 1748 3585 accepit,
1784 3531 1832 3570 et
1853 3538 1911 3570 ea
1932 3522 2178 3571 celeusma
2198 3526 2377 3573 cecinit

386 3586 440 3633 in
480 3588 614 3650 Argo
638 3589 763 3635 navi.
832 3588 1138 3650 Argonautas
1174 3594 1312 3635 vocat
1349 3588 1551 3635 deorum
1589 3584 1793 3648 prolem,
1833 3602 1957 3649 quos
1994 3588 2196 3635 deorum
2235 3596 2375 3637 natos

388 3660 526 3699 vocat
560 3651 781 3700 Valerius
806 3652 1009 3701 Flaccus
1030 3668 1172 3700 versu
1193 3652 1369 3715 primo.
1435 3652 1569 3699 Nam
1590 3656 1769 3711 nautis,
1790 3652 1920 3714 quod
1942 3652 2010 3699 ibi
2030 3652 2223 3713 legitur,
2257 3668 2375 3716 sup-

386 3716 671 3776 posititium.
722 3715 816 3765 Pio
837 3718 952 3766 coelo
973 3717 1107 3775 dixit,
1133 3724 1186 3764 ut
1207 3717 1338 3773 alibi,
1361 3732 1406 3763 v.
1431 3717 1545 3764 623.
1603 3719 1759 3791 {tryus
1780 3720 1889 3777 ipsa
1908 3719 1990 3775 pio
2013 3717 2125 3764 coelo
2144 3718 2377 3792 referetur

386 3781 2376 3909 ‘13'32501223‘131-‘33fflfflffiz‘aiz,Ritffissssmcssffiasgffssszffiss

387 3923 482 3970 quo
521 3910 600 3972 (ut
636 3918 747 3958 ante
784 3912 1107 3972 ostendimus)
1147 3911 1385 3958 Draconis
1407 3910 1588 3972 premit
1608 3917 1842 3971 tempora.
1907 3908 2090 3955 Versus
2109 3916 2220 3971 post
2241 3910 2373 3959 hunc

386 3988 594 4035 sequens
617 3974 713 4023 huc
738 3990 832 4023 non
855 3976 1082 4037 pertinet.
1150 3975 1218 4023 Et
1240 3974 1336 4023 vin’
1361 3975 1687 4036 conjecturam
1713 3974 1877 4021 audire
1902 3972 2207 4034 elegantem?
2279 3974 2376 4023 Po-

2134 4056 2176 4097 0
