2992 4842
645 602 712 640 nv
1582 598 1739 636 ποτε

643 728 850 784 aeto,.'50.
873 725 1176 774 Geminorum
1190 723 1404 773 tanmem
1417 724 1587 789 scripsi
1604 741 1666 773 ex
1678 724 1765 774 illo
1778 739 1935 784 versu,
1948 723 2021 773 Et
2038 724 2247 773 Geminis
2256 721 2485 775 humeros.
2504 725 2640 775 Illud

639 793 912 853 pariterque
916 792 1024 853 seri
1041 792 1250 850 pernicia
1266 805 1409 839 crura
1422 806 1484 839 ex
1498 806 1556 839 eo
1570 805 1711 840 versu
1731 809 1743 838 ε
1775 792 1946 839 dividit
1958 796 2003 837 et
2020 792 2285 853 Saffitttjferi
2301 792 2511 839 medium
2527 807 2637 853 per-

641 858 774 903 nicia
805 871 964 903 crura.
1047 854 1225 903 Fer-um
1261 863 1426 903 autem
1465 855 1669 918 Equum
1698 856 1933 918 intellige,
1966 852 2129 903 ὁπλαὶ
2167 854 2209 903 δ’
2228 854 2431 905 ἵππειοι
2466 856 2633 904 Arato.

641 920 825 968 Versus
845 920 1050 968 ultimus
1071 920 1230 968 clarus
1251 927 1342 980 est,
1363 920 1450 969 sed
1465 928 1680 969 coactus.
1749 920 1965 983 Ideoque
1984 921 2167 979 dubito,
2188 937 2352 971 annon
2374 937 2403 969 a
2426 921 2632 969 Germa-

641 984 754 1033 nico
787 985 1012 1043 omissus,
1052 1000 1081 1033 a
1114 985 1359 1033 Monacho
1395 986 1461 1033 sit
1498 984 1768 1047 suppletus.
1836 986 2025 1033 Caetera
2059 986 2225 1034 omnia
2258 992 2345 1035 aut
2376 984 2539 1049 inepte
2573 987 2635 1034 ob

641 1048 1012 1097 similitudinem
1037 1050 1255 1111 repetita,
1275 1056 1360 1097 sut
1381 1066 1441 1097 ex
1465 1050 1667 1097 alterius
1685 1050 2021 1113 phaenomenis
2042 1066 2296 1113 perperam
2327 1051 2408 1099 hic
2438 1051 2637 1100 inserta.

645 1113 713 1162 Et
726 1129 920 1177 possem
943 1114 1094 1162 ferme
1117 1113 1248 1162 locos
1270 1115 1525 1162 ostendere
1546 1114 1703 1172 Arati,
1732 1130 1795 1163 ex
1814 1115 1989 1177 quibus
2010 1116 2205 1177 singula
2225 1115 2472 1165 translata.
2538 1114 2636 1163 Sed

641 1194 742 1227 non
776 1187 851 1227 est
881 1180 1020 1227 tanti.
1103 1178 1182 1226 Tu
1211 1180 1254 1226 si
1289 1179 1396 1226 haec
1429 1194 1545 1227 cum
1589 1179 1735 1228 Arato
1774 1179 2009 1237 conferas,
2042 1180 2372 1242 conjecturam
2390 1179 2631 1242 probabis.

645 1243 820 1293 Gne-r.
885 1243 1134 1305 Equidem
1155 1259 1214 1291 ex
1235 1243 1464 1305 genuinis
1495 1244 1657 1307 potius
1690 1244 1862 1292 refinxi
1895 1260 2060 1292 veram
2092 1244 2367 1303 lectionem,
2401 1259 2549 1305 quam
2572 1260 2634 1291 ex

641 1308 902 1356 subdititiis
919 1308 1073 1371 inepti
1093 1308 1322 1355 monachi
1345 1308 1564 1356 versibus
1582 1327 1595 1364 ς
1626 1324 1741 1356 cum
1760 1310 2032 1372 presertim
2062 1310 2315 1358 oculorum
2334 1309 2456 1357 fides
2471 1308 2633 1357 valere

639 1372 750 1434 plus
766 1373 976 1430 deberet,
991 1389 1140 1436 quam
1153 1371 1337 1421 librarii
1351 1373 1707 1421 inscitis.—SC
1714 1373 1779 1421 H.
1909 1372 2011 1421 Per
2033 1376 2252 1423 Geminos
2268 1377 2419 1423 oum-it
2429 1372 2631 1437 medios]

642 1437 894 1500 BEGgsb.
922 1436 1023 1485 Per
1047 1437 1352 1486 Geminorum
1373 1437 1587 1487 humeros
1605 1441 1757 1487 currit
1773 1453 1824 1500 g.
1842 1439 2156 1501 susp.—OR.

705 1501 820 1549 462.
861 1501 1027 1565 Teye't]
1064 1502 1196 1552 Quia
1214 1502 1274 1551 de
1289 1516 1547 1565 progressu
1578 1503 1748 1566 tropici
1768 1518 1929 1552 sermo
1950 1510 2037 1560 est,
2068 1504 2191 1551 ratio
2210 1504 2399 1552 dictitat
2427 1502 2629 1550 verbum

641 1567 754 1629 leyit
788 1582 876 1629 pro
913 1571 1086 1615 transit
1119 1567 1531 1620 accommodatius
1548 1567 1887 1615 esse.-—SCH.
2020 1568 2201 1616 Totum
2222 1569 2269 1616 h.
2296 1568 2329 1616 l.
2348 1574 2629 1629 corruptum

639 1646 686 1679 v.
710 1632 938 1683 462ο475.
973 1631 1098 1685 dedi,
1133 1638 1368 1694 quantum
1389 1631 1495 1680 fieri
1516 1638 1721 1693 poterat,
1742 1648 1769 1680 e
1789 1632 1878 1679 Cd.
1901 1632 1965 1680 A.
1990 1634 2073 1695 qui
2093 1639 2271 1695 praeter
2300 1640 2484 1680 ceteros
2502 1630 2626 1678 veri-

641 1698 756 1744 tatis
789 1696 994 1758 vestigia
1025 1711 1215 1744 servare
1248 1696 1514 1744 videbatur.
1579 1697 1751 1757 (Ibid.)
1778 1694 1914 1759 terit]
1948 1700 2011 1745 A.
2043 1702 2159 1759 teqit
2193 1698 2418 1759 BEng.
2453 1698 2565 1757 leyit
2586 1712 2627 1743 s.

641 1762 768 1823 conj.
798 1761 985 1822 persida
1006 1765 1064 1809 A.
1129 1759 1300 1822 (Ibid.)
1335 1761 1524 1819 Ioevum]
1544 1762 1648 1809 AB.
1670 1763 1747 1823 (ut
1764 1761 1955 1809 volebat
1972 1763 2042 1824 g.)
2062 1763 2134 1811 sb.
2156 1764 2274 1810 loeva
2294 1760 2626 1823 EGg.—OR.

705 1828 821 1873 463.
855 1826 1032 1873 Latera
1051 1824 1276 1889 utraque]
1313 1825 1362 1873 N
1366 1841 1429 1873 on
1457 1825 1613 1884 video,
1644 1827 1886 1888 quomodo
1906 1826 2051 1874 lectio
2072 1826 2233 1874 Grotii
2252 1834 2421 1874 contra
2435 1826 2627 1873 hostem

637 1890 870 1938 acriorem
909 1890 1026 1938 satis
1066 1890 1258 1937 defendi
1290 1891 1458 1953 possit.
1525 1889 1722 1953 Inspice
1762 1891 1931 1953 globos
1968 1891 2170 1939 celestes
2190 1909 2201 1938 :
2235 1898 2342 1939 tum
2378 1890 2628 1953 judica.—

639 1956 787 2003 SCH.
923 1954 1082 2003 Grotii
1102 1954 1312 2016 (Buhlii)
1346 1962 1396 2003 et
1415 1954 1695 2003 Schwartzii
1727 1956 1938 2003 rationes
1968 1956 2223 2017 postmodo
2253 1957 2467 2018 junctim
2490 1954 2627 2002 dabo.

641 2020 740 2068 Hic
776 2020 897 2067 Cdd.
930 2020 1183 2067 dumtaxat
1216 2019 1449 2067 lectiones
1485 2026 1647 2067 enoto.
1697 2020 1845 2070 latera
1880 2026 2083 2084 utraque
2113 2026 2321 2082 persecat
2357 2018 2517 2083 aetus]
2568 2022 2627 2067 A.

636 2091 762 2133 secat
782 2090 982 2147 utraque
1001 2086 1154 2132 latera
1173 2090 1303 2133 tactu
1323 2084 1667 2133 BEG.—OR.

704 2151 818 2197 464.
859 2148 1031 2197 Totam
1052 2148 1127 2208 ab,
1148 2148 1250 2211 Ae]
1284 2148 1486 2197 Tor-tam
1508 2164 1613 2196 esse
1633 2150 1869 2207 dextram,
1890 2149 2021 2197 oculi
2040 2149 2134 2211 ipsi
2154 2154 2407 2196 testantur.
2462 2150 2629 2195 Totam

640 2215 856 2262 dextram
886 2216 1046 2273 secari,
1079 2222 1259 2276 negant
1280 2214 1424 2262 oculi.
1490 2214 1656 2262 Possis
1677 2222 1841 2262 tamen
1862 2214 2010 2262 etiam
2030 2214 2190 2276 legere
2215 2219 2407 2261 tactam.
2471 2213 2627 2260 Voca-

641 2278 813 2327 bulum
835 2285 988 2326 tortus
1023 2294 1168 2341 supra
1202 2278 1347 2326 etiam
1387 2286 1670 2341 corruptum
1710 2278 1818 2327 fuit.
1884 2278 2083 2327 Summa
2100 2279 2294 2341 ungula,
2316 2276 2419 2339 esa]
2457 2277 2519 2324 Id
2540 2286 2629 2334 est,

640 2351 857 2392 extrema
888 2342 1075 2406 ungula
1107 2350 1358 2406 promovet
1395 2344 1635 2406 tropicum
1670 2343 1730 2391 ab
1764 2344 1879 2405 equi
1915 2344 2030 2391 alati
2062 2350 2226 2391 ventre
2256 2343 2311 2390 in
2340 2341 2629 2389 anteriorem

639 2408 753 2470 equi
775 2414 976 2471 partem.
1045 2412 1156 2465 Seu,
1177 2408 1392 2471 tropicus
1418 2424 1507 2471 per
1527 2414 1686 2469 partes
1710 2408 1823 2470 equi
1843 2408 2131 2470 posteriores
2150 2407 2202 2454 in
2232 2407 2493 2455 anteriores
2524 2421 2629 2469 pro-

640 2472 784 2521 cedit.
850 2472 1063 2520 Verbum
1099 2474 1220 2520 didit
1257 2488 1386 2535 saepe
1423 2473 1570 2520 etiam
1607 2472 1723 2521 alibi
1762 2480 2043 2535 corruptum
2079 2472 2187 2529 fuit,
2229 2479 2278 2519 et
2298 2472 2579 2519 restitutum
2600 2486 2629 2517 a

640 2537 758 2585 viris
779 2537 950 2585 doctis.
998 2536 1232 2598 Virgilius
1247 2537 1293 2585 id
1311 2552 1441 2600 saepe
1459 2537 1695 2585 adhibuit.
1740 2540 1785 2584 A
1799 2537 2005 2599 Virgilio
2022 2543 2274 2585 mutuatus
2289 2544 2363 2584 est
2375 2544 2552 2593 noster,
2575 2543 2630 2582 ut

637 2601 826 2664 reliqua
844 2617 968 2664 pene
989 2602 1378 2650 omnia—SCH.
1513 2601 1585 2649 Et
1604 2607 1752 2649 totam
1771 2601 1831 2649 ab
1852 2601 2069 2663 humero]
2092 2600 2297 2648 ABEG.
2351 2602 2445 2649 Sed
2462 2600 2629 2662 legen-

641 2667 759 2715 dum
780 2682 894 2715 cum
917 2682 956 2715 s.
977 2666 1060 2713 abs
1079 2666 1286 2725 hiemem,
1311 2666 1389 2715 vel
1410 2682 1468 2714 ex
1488 2665 1964 2728 humera-dextram]
1990 2666 2151 2714 ΒΕΘ.
2186 2666 2351 2714 dextra
2370 2668 2430 2713 A.
2464 2664 2631 2727 (Ibid.)

635 2730 804 2794 pulsu]
839 2735 900 2778 A.
930 2747 1071 2779 eursu
1092 2731 1471 2793 BEGg.——OR.

705 2797 817 2844 465.
853 2796 1003 2844 Hunc
1038 2811 1232 2843 versum
1269 2811 1368 2843 non
1396 2796 1543 2844 habet
1562 2795 1623 2843 A.
1691 2794 1763 2843 Ut
1784 2810 1890 2855 nos,
1926 2795 2049 2844 Cdd.
2083 2794 2202 2845 EG.
2268 2793 2463 2843 Dividit
2493 2800 2632 2857 atque

636 2861 892 2924 sayitttferi
909 2863 1122 2919 pernicia
1141 2876 1282 2908 crura
1303 2876 1398 2909 om.
1422 2876 1468 2910 v.
1504 2861 1709 2909 medium
1731 2860 1969 2908 B.—OR.

706 2926 818 2973 466.
852 2926 983 2973 Hinc
1015 2926 1141 2973 alius
1175 2923 1330 2986 rapit]
1382 2924 1490 2973 Imo
1525 2941 1638 2973 vero
1673 2925 1807 2972 albus
1842 2924 1983 2982 orbis,
2026 2924 2120 2971 hoc
2156 2929 2244 2982 est,
2281 2922 2467 2971 lacteus
2507 2938 2629 2984 equo

640 2990 895 3037 finitimus.
965 2992 1134 3052 Rapit,
1165 2990 1216 3037 id
1238 3000 1329 3048 est,
1364 2990 1633 3048 continuat,
1668 2990 1863 3051 longius
1900 2988 2364 3051 propagat.-—SCH.
2498 2986 2631 3034 Aeris

641 3057 748 3118 equi
771 3056 898 3116 seru
925 3054 1051 3105 orbis
1083 3054 1198 3117 iter]
1239 3058 1290 3102 Α.
1329 3054 1461 3103 Hinc
1481 3056 1609 3103 alius
1628 3059 1759 3115 rapit
1780 3052 1906 3103 orbis
1923 3057 2015 3102 iter
2036 3052 2232 3115 BEGg.
2300 3052 2472 3117 (Ibid.)
2503 3050 2626 3113 tum]

643 3120 803 3168 BEG.
834 3125 945 3167 tunc
965 3120 1203 3167 A.-0R.

639 3245 688 3295 bt
706 3184 821 3235 467.
859 3182 1068 3247 Cycnus]
1111 3185 1173 3232 E.
1229 3184 1418 3248 qunus
1440 3184 1596 3232 ABG.
1634 3183 1772 3245 justa
1795 3185 1850 3230 A.
1919 3181 2095 3245 (Ibid.)
2128 3179 2309 3244 white]
2345 3181 2504 3230 AEG.
2553 3197 2627 3229 eu·

678 3251 758 3296 ’tos
784 3249 1022 3298 B.—0R..

707 3314 818 3362 468.
851 3311 1035 3361 Primis
1053 3312 1238 3375 iquibus
1265 3312 1473 3376 Anquisj
1512 3312 1573 3360 Id
1595 3319 1682 3370 est,
1706 3311 1859 3359 stellis
1882 3326 1992 3374 quae
2014 3311 2067 3359 in
2088 3326 2281 3359 summa
2304 3309 2475 3371 capitis
2498 3316 2628 3372 parte

640 3377 810 3426 insunt
843 3378 950 3439 ejus
987 3378 1238 3440 serpentis,
1277 3393 1424 3440 quem
1459 3378 1783 3440 serpentarius
1818 3374 2454 3426 tenet—SCHe--Nixa
2480 3372 2623 3437 yeau]

642 3441 761 3489 EG.
793 3443 928 3490 Νίκα
944 3458 1090 3503 yenus
1112 3445 1166 3489 A.
1200 3442 1330 3490 Fixa
1347 3458 1472 3504 qenu
1495 3441 1732 3491 B.—OR.

707 3508 819 3555 469.
855 3506 1069 3571 Effiqit]
1108 3507 1165 3554 Id
1193 3514 1281 3567 est,
1307 3506 1538 3555 remotior
1559 3514 1633 3554 est
1650 3506 1800 3569 Virgo
1822 3522 1851 3553 a
1870 3505 2055 3567 tropico
2088 3504 2280 3551 Cancri.
2354 3501 2503 3550 Tot-us
2520 3502 2624 3559 Leo,

641 3570 746 3634 Ae]
787 3572 988 3620 Falsum
1020 3572 1113 3619 hoc
1133 3579 1271 3634 putet
1304 3571 1498 3634 aliquis.
1568 3572 1637 3619 Et
1654 3571 1805 3619 videri
1834 3571 1987 3634 possit
2024 3568 2238 3631 genuina
2272 3567 2417 3631 lectio
2460 3574 2623 3615 tactus.

641 3636 828 3685 Verum
846 3637 960 3699 quia
983 3636 1182 3699 Capella
1203 3636 1347 3684 etiam
1368 3636 1455 3684 lib.
1473 3635 1627 3685 VIII.
1662 3651 1711 3698 p.
1735 3636 1846 3693 278,
1874 3635 2062 3692 Caum-i,
2093 3634 2270 3696 inquit,
2310 3648 2445 3680 omne
2463 3639 2623 3693 ‘eorpus

641 3704 695 3748 in
713 3702 1050 3764 lonqitudinem
1069 3707 1195 3748 secat
1215 3700 1480 3749 solstitialis
1498 3702 1562 3747 ad
1580 3700 1754 3749 Leonis
1766 3706 1931 3762 pectus
1943 3715 2000 3747 ae
2017 3704 2221 3746 ventrem
2238 3714 2254 3744 .·
2285 3696 2409 3744 nihil
2430 3696 2620 3751 mutavi,

643 3782 796 3828 quum
816 3765 1084 3829 praesertim
1107 3773 1364 3828 sequentes
1385 3780 1553 3813 versus
1571 3766 1722 3813 veteri
1745 3764 1942 3812 lectioni
1962 3764 2171 3811 faveant.
2238 3762 2418 3809 Totum
2436 3762 2620 3823 signum

642 3831 702 3879 ab
725 3839 890 3880 autore
909 3837 1071 3879 nostro
1093 3830 1146 3877 in
1165 3830 1328 3892 aliquo
1347 3829 1529 3878 circulo
1552 3845 1658 3878 esse
1680 3829 1870 3886 dicitur,
1906 3844 2020 3876 cum
2054 3826 2265 3875 circulus
2294 3825 2492 3887 signum
2522 3833 2615 3872 tan-

642 3898 894 3944 tummodo
926 3896 1139 3959 praeterit
1160 3910 1186 3942 e
1207 3894 1489 3957 longinquo.
1558 3894 1689 3941 Hinc
1710 3894 1860 3955 igitur
1898 3892 2058 3941 Grotii
2078 3891 2240 3949 lectio,
2273 3906 2318 3938 v.
2340 3892 2452 3947 460,
2473 3890 2619 3937 defen-

642 3960 799 4009 denda
816 3962 953 4009 foret.
1019 3960 1158 4016 Vide,
1181 3975 1292 4022 quae
1314 3959 1374 4007 ad
1395 3975 1438 4008 v.
1462 3960 1559 4008 499
1583 3958 2029 4007 dicemus.—SCH.
2164 3954 2353 4019 Effiaqit
2372 3953 2448 4017 at]
2473 3954 2613 4003 BEG.

643 4024 879 4088 chalqit
901 4031 954 4071 at
975 4024 1211 4072 A.—OR.

708 4090 821 4141 470.
856 4087 1070 4151 Aversis]
1106 4089 1164 4137 de
1184 4104 1231 4151 g.
1255 4090 1382 4151 conj.
1407 4088 1480 4137 sb.
1514 4087 1723 4136 adversis
1745 4086 2161 4150 ABEGg.—-OR.
