2992 4842
609 574 652 638 6
1388 595 1781 644 ozanamcl

613 734 764 820 Ipse
791 736 1050 802 brevem
1078 733 1318 820 patulis
1344 736 1643 802 manibus
1672 746 1801 802 stat
1828 747 1975 823 post
2004 735 2407 824 Cynosuram

611 820 898 887 Diducto
921 843 1155 907 passu:
1203 833 1523 906 quantum
1546 823 1717 888 latus
1744 845 1787 887 a
1812 823 1977 908 pede
2003 823 2239 890 dextro

613 905 907 994 Cepheos
937 917 1295 973 extremam
1323 907 1535 991 tangit
1566 907 1966 993 Cynosurida
1994 910 2287 988 caudam,

610 990 1021 1058 Tantundem
1048 993 1131 1058 ab
1151 993 1314 1058 laevo
1343 993 1579 1072 distat3
1625 994 1837 1059 minor
1864 1004 2140 1080 utraque
2160 995 2383 1082 jungit
2506 998 2599 1046 ¹9⁰

612 1077 873 1164 Regula
902 1075 1200 1163 Cepheos
1227 1079 1515 1162 vestigia.
1603 1079 1872 1145 Balteus
1900 1080 2125 1158 ambit,

614 1165 767 1233 Qua
785 1165 956 1230 latus
985 1187 1058 1230 ac
1081 1165 1328 1229 flexum
1355 1163 1598 1230 sinuosi
1618 1165 1878 1250 respicit
1908 1165 2187 1251 Anguis,
2314 1175 2600 1210 emmau.

614 1251 976 1336 Cassiepeia
1002 1249 1207 1316 virum
1236 1250 1477 1316 residet
1504 1250 1793 1316 sublimis
1822 1251 1905 1316 ad
1930 1252 2183 1337 ipsum3

614 1337 823 1415 Clara,
855 1337 1048 1402 etiam
1075 1357 1326 1421 pernox
1347 1335 1505 1400 caelo
1534 1358 1738 1420 quum
1766 1335 1957 1402 Luna
1982 1337 2254 1417 refulsit,

613 1421 746 1489 Sed
773 1421 984 1487 brevis
1012 1431 1080 1487 et
1101 1421 1320 1507 paucis
1349 1422 1647 1486 decorata
1674 1421 1744 1486 in
1774 1422 1979 1488 sidere
1999 1423 2292 1491 flammis.
2510 1427 2600 1474 195

614 1506 845 1575 Qualis
871 1506 1140 1574 ferratos
1169 1507 1403 1572 subicit
1431 1507 1735 1574 clavicula
1762 1508 2012 1586 dentes,

614 1591 912 1660 Sueeutit
939 1601 1007 1658 et
1033 1593 1280 1658 foribus
1305 1592 1621 1678 praeducti
1648 1593 1907 1660 vincula
1938 1594 2236 1660 claustri:

614 1680 786 1745 Talis
815 1678 1123 1764 disposita
1145 1688 1244 1744 est
1263 1679 1466 1744 stellis
1489 1703 1507 1757 ς
1550 1679 1577 1744 i
1718 1679 1982 1746 horrida
2007 1678 2195 1746 vultu

616 1765 722 1830 Sic
749 1765 960 1830 tendit
986 1765 1253 1849 palmas,
1281 1786 1403 1830 eeu
1425 1764 1511 1830 sit
1537 1787 1581 1850 p
1647 1775 1875 1832 notura
1898 1764 2187 1832 relictam

612 1851 1115 1928 Andromedam,
1145 1850 1393 1916 meritae
1422 1871 1555 1916 non
1571 1852 1751 1936 justa
1775 1851 2027 1936 piacula
2055 1851 2298 1918 matris.
2506 1855 2601 1904 2⁰⁰

699 1937 842 2002 Nec
869 1937 1094 2023 procul
1119 1935 1558 2014 Andromede,
1589 1946 1793 2002 totam
1820 1959 2015 2022 quam
2043 1959 2300 2004 cernere
2327 1961 2513 2023 posse

615 2022 910 2088 Obscura
938 2023 1060 2089 sub
1089 2029 1276 2102 nocte
1303 2021 1491 2087 licet:
1538 2022 1627 2088 sie
1656 2022 1888 2090 emicat
1915 2045 2049 2101 ore,
2266 2025 2594 2072 [mononem.

616 2108 724 2174 Sic
752 2108 1000 2193 magnis
1020 2107 1305 2172 humeris
1333 2108 1565 2174 candet
1592 2106 1783 2174 nitor.
1876 2107 2067 2174 Hanc
2096 2108 2307 2176 media
2336 2109 2561 2185 ambit,

615 2194 822 2278 Ignea
858 2193 1201 2259 substricta
1227 2193 1404 2260 lucet
1431 2215 1582 2278 quae
1612 2193 1849 2258 zonula
1874 2194 2082 2279 palin

613 2278 745 2346 Sed
823 2301 992 2345 oenae
1009 2279 1206 2346 facies
1232 2288 1547 2357 remanet,
1578 2278 1993 2366 districtaque
2150 2279 2248 2345 dit
2506 2279 2601 2326 ²⁰⁵

613 2366 780 2431 Brae
829 2365 907 2445 'a,
940 2387 1060 2430 ceu
1090 2365 1235 2432 duri
1262 2375 1608 2430 teneantur
1636 2365 1867 2430 robore
1896 2387 2061 2432 sax1.
2514 2447 2517 2452 ,

698 2451 1133 2517 Andromedae
1159 2451 1356 2536 capiti
1381 2450 1638 2534 sonipes
1664 2451 2100 2536 supereminet
2128 2450 2281 2529 ales,
2438 2457 2599 2494 anuo·-

611 2535 874 2603 Vertice
896 2547 964 2602 et
991 2536 1422 2602 Andromedae
1449 2537 1658 2601 radiat
1687 2558 1837 2621 quae
1856 2537 2064 2615 stella,
2095 2537 2217 2602 sub
2246 2539 2387 2622 ipsa

611 2623 780 2688 Alvo
802 2623 1011 2707 fulget
1037 2623 1223 2708 equi;
1269 2632 1400 2690 tres
1428 2643 1635 2687 armos
1658 2631 1727 2686 et
1755 2622 1962 2688 latera
1987 2623 2193 2708 aequis

610 2709 1043 2793 Distinguunt
1071 2708 1292 2793 spatiis
1315 2733 1332 2787 ς
1375 2706 1571 2792 capiti
1594 2707 1957 2774 tristissima
1981 2708 2207 2785 forma,
2505 2708 2599 2754 210

609 2795 704 2860 Et
732 2795 949 2860 cervix
975 2795 1112 2860 sine
1141 2794 1382 2859 honore
1411 2793 1683 2858 obscuro
1711 2793 1955 2860 lumine
1982 2794 2220 2859 sordet.

609 2880 956 2967 Spumanti
983 2879 1232 2945 mandit
1259 2879 1373 2944 sed
1401 2901 1531 2964 qua
1557 2878 1732 2944 ferus
1760 2902 1869 2944 ore
1886 2880 2131 2965 lupata,

610 2967 704 3031 Et
732 2967 940 3052 eapite
970 2977 1039 3031 et
1065 2967 1258 3049 longa
1285 2965 1525 3032 cervice
1556 2965 1867 3049 insignior
1894 2966 2037 3031 exit

611 3053 816 3118 Stella
845 3053 1080 3130 nitens,
1111 3050 1300 3116 armis
1328 3050 1646 3136 laterique
1679 3050 2001 3116 simillima
2028 3072 2284 3134 magno.

611 3137 755 3202 Nec
787 3148 988 3203 totam
1015 3136 1125 3202 ille
1155 3147 1372 3202 tamen
1403 3135 1671 3200 formam
1692 3158 1809 3221 per
1834 3135 2089 3220 singula
2115 3136 2367 3200 reddit:
2500 3135 2595 3182 215

610 3223 830 3288 Primo
859 3233 1128 3309 praestat
1155 3244 1420 3307 equum,
1442 3222 1654 3287 medio
1682 3232 1878 3306 rupta
1903 3222 2129 3288 ordine
2150 3222 2440 3286 membra

607 3308 1001 3374 Destituunt
1019 3309 1217 3384 visus;
1263 3307 1438 3372 rudis
1465 3307 1617 3373 inde
1638 3309 1914 3392 assurgit
1939 3307 2173 3392 imago.

609 3394 936 3478 Gorgonis
956 3394 1060 3458 hic
1083 3393 1333 3479 proles:
1378 3393 1448 3458 in
1477 3392 1693 3458 Pierio
1724 3392 2065 3471 Helicone,

605 3478 869 3545 Vertice
900 3502 1102 3565 quum
1131 3498 1379 3543 summo
1407 3478 1698 3544 nondum
1727 3478 2092 3544 decurreret
2122 3479 2318 3556 unda,

608 3564 880 3630 Museos
908 3565 1118 3630 fontes
1142 3563 1358 3628 dextri
1380 3565 1561 3649 pedis
1588 3565 1826 3630 ictibus
1849 3563 2066 3629 hausit
2088 3589 2107 3642 ;
2496 3565 2595 3616 2²⁰

608 3650 774 3715 Inde
802 3651 1016 3736 liquor
1042 3650 1300 3735 genitus
1321 3671 1559 3714 nomen
1587 3659 1805 3728 tenet3
1852 3649 1993 3734 Hip
2044 3672 2307 3715 ucrenes

607 3736 834 3801 Fontis
863 3758 1101 3801 nomen
1119 3735 1336 3801 habet.
1431 3736 1562 3802 Sed
1586 3735 1874 3822 Pegasus
1902 3757 1961 3800 ae
2036 3760 2144 3806 cre
2174 3757 2424 3802 summo

603 3821 879 3888 Veloces
907 3823 1110 3906 agitat
1183 3843 1382 3887 ennas
1407 3833 1474 3886 et
1504 3823 1707 3887 sidere
1736 3822 1998 3906 gaudet.

691 3908 857 3974 Inde
886 3909 1106 3973 subest
1238 3907 1347 3985 ‘es‚
1371 3908 1484 3993 qui
1500 3908 1692 3993 longe
1721 3908 2007 3972 maxima
2034 3927 2298 3974 currens
2441 3913 2593 3948 *Μὰ

609 3993 786 4059 Orbe
817 4017 933 4060 suo
963 3994 1170 4080 spatia
1191 3993 1274 4058 ad
1299 3993 1496 4058 finem
1519 4015 1649 4059 non
1678 3994 1921 4058 tardius
1952 3991 2121 4058 Ursa
2500 3993 2594 4040 225

606 4078 927 4159 Pervenit,
961 4091 1027 4144 et
1058 4089 1301 4166 quanto
1330 4079 1616 4144 breviore
1651 4078 1965 4164 Lycaonis
1998 4079 2230 4144 Arctos
