<?xml version="1.0" encoding="UTF-8"?>
<!DOCTYPE html PUBLIC "-//W3C//DTD XHTML 1.0 Transitional//EN"
    "http://www.w3.org/TR/xhtml1/DTD/xhtml1-transitional.dtd">
<html xmlns="http://www.w3.org/1999/xhtml" xml:lang="en" lang="en">
 <head>
  <title>
</title>
<meta http-equiv="Content-Type" content="text/html;charset=utf-8" />
  <meta name='ocr-system' content='tesseract 3.04.00' />
  <meta name='ocr-capabilities' content='ocr_page ocr_carea ocr_par ocr_line ocrx_word'/>
</head>
<body>
  <div class='ocr_page' id='page_1' title='image "./germanicicaesar00aratgoog_0044.png"; bbox 0 0 2992 4842; ppageno 0'>
   <div class='ocr_carea' id='block_1_1' title="bbox 622 567 1816 630">
    <p class='ocr_par' dir='ltr' id='par_1_1' title="bbox 622 567 1816 630">
     <span class='ocr_line' id='line_1_1' title="bbox 622 567 1816 630; baseline -0.003 0"><span class='ocrx_word' id='word_1_1' title='bbox 622 567 701 630; x_wconf 75' lang='lat'><strong>12</strong></span> <span class='ocrx_word' id='word_1_2' title='bbox 1424 581 1816 626; x_wconf 71' lang='lat' dir='ltr'><strong>GERMAmm</strong></span> 
     </span>
    </p>
   </div>
   <div class='ocr_carea' id='block_1_2' title="bbox 616 721 2614 3361">
    <p class='ocr_par' dir='ltr' id='par_1_2' title="bbox 616 721 2614 3361">
     <span class='ocr_line' id='line_1_2' title="bbox 616 721 2214 800; baseline -0.004 -8"><span class='ocrx_word' id='word_1_3' title='bbox 616 723 1021 792; x_wconf 79' lang='lat' dir='ltr'><strong>Centaurum</strong></span> <span class='ocrx_word' id='word_1_4' title='bbox 1048 723 1257 800; x_wconf 83' lang='lat' dir='ltr'><strong>lueet3</strong></span> <span class='ocrx_word' id='word_1_5' title='bbox 1304 733 1515 788; x_wconf 87' lang='lat' dir='ltr'><strong>tractu</strong></span> <span class='ocrx_word' id='word_1_6' title='bbox 1545 722 1720 786; x_wconf 85' lang='lat' dir='ltr'><strong>subit</strong></span> <span class='ocrx_word' id='word_1_7' title='bbox 1746 722 1856 786; x_wconf 90' lang='lat' dir='ltr'><strong>ille</strong></span> <span class='ocrx_word' id='word_1_8' title='bbox 1885 721 2170 786; x_wconf 87' lang='lat' dir='ltr'><strong>Leonem</strong></span> <span class='ocrx_word' id='word_1_9' title='bbox 2197 749 2214 799; x_wconf 89' lang='lat'>;</span> 
     </span>
     <span class='ocr_line' id='line_1_3' title="bbox 617 808 2356 892; baseline -0.003 -17"><span class='ocrx_word' id='word_1_10' title='bbox 617 811 923 876; x_wconf 87' lang='lat' dir='ltr'><strong>Pervenit</strong></span> <span class='ocrx_word' id='word_1_11' title='bbox 944 809 1027 874; x_wconf 87' lang='lat' dir='ltr'><strong>ad</strong></span> <span class='ocrx_word' id='word_1_12' title='bbox 1058 808 1373 874; x_wconf 80' lang='lat' dir='ltr'>Cancrum</span> <span class='ocrx_word' id='word_1_13' title='bbox 1404 809 1612 892; x_wconf 88' lang='lat' dir='ltr'><strong>capite</strong></span> <span class='ocrx_word' id='word_1_14' title='bbox 1641 819 1708 872; x_wconf 90' lang='lat' dir='ltr'><strong>et</strong></span> <span class='ocrx_word' id='word_1_15' title='bbox 1736 808 1862 872; x_wconf 88' lang='lat' dir='ltr'><strong>tria</strong></span> <span class='ocrx_word' id='word_1_16' title='bbox 1889 808 2096 872; x_wconf 89' lang='lat' dir='ltr'><strong>sidera</strong></span> <span class='ocrx_word' id='word_1_17' title='bbox 2125 809 2356 891; x_wconf 86' lang='lat' dir='ltr'><strong>tangit.</strong></span> 
     </span>
     <span class='ocr_line' id='line_1_4' title="bbox 620 893 2214 995; baseline -0.002 -35"><span class='ocrx_word' id='word_1_18' title='bbox 620 896 797 960; x_wconf 87' lang='lat' dir='ltr'><strong>Huic</strong></span> <span class='ocrx_word' id='word_1_19' title='bbox 826 896 1065 995; x_wconf 85' lang='lat' dir='ltr'><strong>primos</strong></span> <span class='ocrx_word' id='word_1_20' title='bbox 1094 905 1303 959; x_wconf 88' lang='lat' dir='ltr'><strong>tortus</strong></span> <span class='ocrx_word' id='word_1_21' title='bbox 1335 894 1561 958; x_wconf 83' lang='lat' dir='ltr'><strong>Crater</strong></span> <span class='ocrx_word' id='word_1_22' title='bbox 1589 894 1846 978; x_wconf 86' lang='lat' dir='ltr'><strong>premit,</strong></span> <span class='ocrx_word' id='word_1_23' title='bbox 1878 893 2214 958; x_wconf 86' lang='lat' dir='ltr'><strong>ulteriores</strong></span> 
     </span>
     <span class='ocr_line' id='line_1_5' title="bbox 618 979 2610 1056; baseline -0.003 -10"><span class='ocrx_word' id='word_1_24' title='bbox 618 981 847 1046; x_wconf 89' lang='lat' dir='ltr'><strong>Vocah</strong></span> <span class='ocrx_word' id='word_1_25' title='bbox 876 991 1081 1046; x_wconf 83' lang='lat' dir='ltr'><strong>rostro</strong></span> <span class='ocrx_word' id='word_1_26' title='bbox 1114 979 1355 1044; x_wconf 80' lang='lat' dir='ltr'><strong>Corvus</strong></span> <span class='ocrx_word' id='word_1_27' title='bbox 1382 980 1587 1056; x_wconf 82' lang='lat' dir='ltr'><strong>forat3</strong></span> <span class='ocrx_word' id='word_1_28' title='bbox 1633 980 1848 1042; x_wconf 89' lang='lat' dir='ltr'><strong>omnia</strong></span> <span class='ocrx_word' id='word_1_29' title='bbox 1871 979 2113 1055; x_wconf 87' lang='lat' dir='ltr'><strong>lucent,</strong></span> <span class='ocrx_word' id='word_1_30' title='bbox 2506 979 2610 1026; x_wconf 77' lang='lat'><strong>430</strong></span> 
     </span>
     <span class='ocr_line' id='line_1_6' title="bbox 617 1063 2154 1151; baseline -0.003 -20"><span class='ocrx_word' id='word_1_31' title='bbox 617 1067 713 1131; x_wconf 93' lang='lat' dir='ltr'><strong>Et</strong></span> <span class='ocrx_word' id='word_1_32' title='bbox 745 1066 987 1131; x_wconf 87' lang='lat' dir='ltr'><strong>Corvus</strong></span> <span class='ocrx_word' id='word_1_33' title='bbox 1014 1065 1243 1151; x_wconf 82' lang='lat' dir='ltr'><strong>pennis</strong></span> <span class='ocrx_word' id='word_1_34' title='bbox 1270 1076 1339 1129; x_wconf 89' lang='lat' dir='ltr'><strong>et</strong></span> <span class='ocrx_word' id='word_1_35' title='bbox 1365 1087 1562 1150; x_wconf 89' lang='lat' dir='ltr'><strong>parvo</strong></span> <span class='ocrx_word' id='word_1_36' title='bbox 1590 1065 1874 1149; x_wconf 88' lang='lat' dir='ltr'><strong>pondere</strong></span> <span class='ocrx_word' id='word_1_37' title='bbox 1906 1063 2154 1138; x_wconf 79' lang='lat' dir='ltr'><strong>Crater,</strong></span> 
     </span>
     <span class='ocr_line' id='line_1_7' title="bbox 619 1149 2156 1237; baseline -0.003 -21"><span class='ocrx_word' id='word_1_38' title='bbox 619 1153 714 1216; x_wconf 89' lang='lat' dir='ltr'><strong>Et</strong></span> <span class='ocrx_word' id='word_1_39' title='bbox 742 1153 950 1237; x_wconf 84' lang='lat' dir='ltr'><strong>spatio</strong></span> <span class='ocrx_word' id='word_1_40' title='bbox 980 1151 1247 1236; x_wconf 88' lang='lat' dir='ltr'><strong>triplicis</strong></span> <span class='ocrx_word' id='word_1_41' title='bbox 1276 1151 1586 1214; x_wconf 87' lang='lat' dir='ltr'><strong>formatus</strong></span> <span class='ocrx_word' id='word_1_42' title='bbox 1615 1149 1838 1213; x_wconf 86' lang='lat' dir='ltr'><strong>sideris</strong></span> <span class='ocrx_word' id='word_1_43' title='bbox 1872 1149 2156 1234; x_wconf 80' lang='lat' dir='ltr'><strong>Hydros,</strong></span> 
     </span>
     <span class='ocr_line' id='line_1_8' title="bbox 708 1233 2609 1320; baseline -0.003 -19"><span class='ocrx_word' id='word_1_44' title='bbox 708 1239 847 1302; x_wconf 88' lang='lat' dir='ltr'><strong>Sub</strong></span> <span class='ocrx_word' id='word_1_45' title='bbox 881 1237 1176 1301; x_wconf 83' lang='lat' dir='ltr'><strong>Geminis</strong></span> <span class='ocrx_word' id='word_1_46' title='bbox 1208 1235 1504 1320; x_wconf 82' lang='lat' dir='ltr'><strong>Procyon</strong></span> <span class='ocrx_word' id='word_1_47' title='bbox 1532 1235 1806 1320; x_wconf 85' lang='lat' dir='ltr'><strong>fulgenti</strong></span> <span class='ocrx_word' id='word_1_48' title='bbox 1835 1234 2078 1299; x_wconf 90' lang='lat' dir='ltr'><strong>lumine</strong></span> <span class='ocrx_word' id='word_1_49' title='bbox 2111 1233 2334 1316; x_wconf 83' lang='lat' dir='ltr'><strong>surgit.</strong></span> <span class='ocrx_word' id='word_1_50' title='bbox 2399 1241 2609 1272; x_wconf 60' lang='lat' dir='ltr'><strong>noema</strong></span> 
     </span>
     <span class='ocr_line' id='line_1_9' title="bbox 706 1321 2607 1405; baseline -0.004 -18"><span class='ocrx_word' id='word_1_51' title='bbox 706 1323 839 1387; x_wconf 89' lang='lat' dir='ltr'><strong>Hic</strong></span> <span class='ocrx_word' id='word_1_52' title='bbox 859 1322 1017 1388; x_wconf 82' lang='lat' dir='ltr'><strong>caelo</strong></span> <span class='ocrx_word' id='word_1_53' title='bbox 1034 1331 1297 1386; x_wconf 78' lang='lat' dir='ltr'><strong>ornatus</strong></span> <span class='ocrx_word' id='word_1_54' title='bbox 1316 1321 1598 1385; x_wconf 86' lang='lat' dir='ltr'><strong>trahitur</strong></span> <span class='ocrx_word' id='word_1_55' title='bbox 1619 1332 2004 1405; x_wconf 90' lang='lat' dir='ltr'><strong>noctemque</strong></span> <span class='ocrx_word' id='word_1_56' title='bbox 2029 1321 2328 1403; x_wconf 87' lang='lat' dir='ltr'><strong>diemque</strong></span> <span class='ocrx_word' id='word_1_57' title='bbox 2349 1343 2366 1396; x_wconf 83' lang='lat'><em>3</em></span> <span class='ocrx_word' id='word_1_58' title='bbox 2387 1325 2607 1355; x_wconf 60' lang='lat' dir='ltr'><strong>amns</strong></span> 
     </span>
     <span class='ocr_line' id='line_1_10' title="bbox 623 1404 2610 1492; baseline -0.003 -20"><span class='ocrx_word' id='word_1_59' title='bbox 623 1407 774 1474; x_wconf 87' lang='lat' dir='ltr'><strong>Sors</strong></span> <span class='ocrx_word' id='word_1_60' title='bbox 804 1431 921 1472; x_wconf 90' lang='lat' dir='ltr'><strong>sua</strong></span> <span class='ocrx_word' id='word_1_61' title='bbox 948 1407 1181 1492; x_wconf 90' lang='lat' dir='ltr'><strong>cuique</strong></span> <span class='ocrx_word' id='word_1_62' title='bbox 1212 1408 1361 1472; x_wconf 87' lang='lat' dir='ltr'><strong>data</strong></span> <span class='ocrx_word' id='word_1_63' title='bbox 1390 1418 1523 1484; x_wconf 84' lang='lat' dir='ltr'><strong>est3</strong></span> <span class='ocrx_word' id='word_1_64' title='bbox 1571 1405 1766 1470; x_wconf 89' lang='lat' dir='ltr'><strong>semel</strong></span> <span class='ocrx_word' id='word_1_65' title='bbox 1795 1407 2115 1488; x_wconf 87' lang='lat' dir='ltr'><strong>assignata</strong></span> <span class='ocrx_word' id='word_1_66' title='bbox 2143 1416 2412 1468; x_wconf 86' lang='lat' dir='ltr'><strong>tuentur</strong></span> <span class='ocrx_word' id='word_1_67' title='bbox 2507 1404 2610 1450; x_wconf 77' lang='lat'><strong>435</strong></span> 
     </span>
     <span class='ocr_line' id='line_1_11' title="bbox 625 1491 2067 1576; baseline -0.003 -18"><span class='ocrx_word' id='word_1_68' title='bbox 625 1494 886 1559; x_wconf 90' lang='lat' dir='ltr'><strong>Immoti</strong></span> <span class='ocrx_word' id='word_1_69' title='bbox 913 1494 1054 1557; x_wconf 88' lang='lat' dir='ltr'><strong>loca</strong></span> <span class='ocrx_word' id='word_1_70' title='bbox 1083 1515 1199 1556; x_wconf 91' lang='lat' dir='ltr'><strong>nec</strong></span> <span class='ocrx_word' id='word_1_71' title='bbox 1226 1493 1419 1576; x_wconf 84' lang='lat' dir='ltr'><strong>longo</strong></span> <span class='ocrx_word' id='word_1_72' title='bbox 1446 1503 1783 1556; x_wconf 87' lang='lat' dir='ltr'><strong>mutantur</strong></span> <span class='ocrx_word' id='word_1_73' title='bbox 1810 1491 1878 1553; x_wconf 92' lang='lat' dir='ltr'><strong>in</strong></span> <span class='ocrx_word' id='word_1_74' title='bbox 1911 1512 2067 1554; x_wconf 64' lang='lat' dir='ltr'><strong>aevo,</strong></span> 
     </span>
     <span class='ocr_line' id='line_1_12' title="bbox 624 1576 2128 1664; baseline -0.005 -18"><span class='ocrx_word' id='word_1_75' title='bbox 624 1579 931 1664; x_wconf 85' lang='lat' dir='ltr'><strong>Quinque</strong></span> <span class='ocrx_word' id='word_1_76' title='bbox 960 1579 1103 1642; x_wconf 87' lang='lat' dir='ltr'><strong>aliae</strong></span> <span class='ocrx_word' id='word_1_77' title='bbox 1133 1578 1337 1642; x_wconf 85' lang='lat' dir='ltr'><strong>stellae</strong></span> <span class='ocrx_word' id='word_1_78' title='bbox 1366 1577 1613 1642; x_wconf 87' lang='lat' dir='ltr'><strong>diversa</strong></span> <span class='ocrx_word' id='word_1_79' title='bbox 1639 1576 1780 1659; x_wconf 89' lang='lat' dir='ltr'><strong>lege</strong></span> <span class='ocrx_word' id='word_1_80' title='bbox 1808 1576 2128 1652; x_wconf 88' lang='lat' dir='ltr'><strong>feruntur,</strong></span> 
     </span>
     <span class='ocr_line' id='line_1_13' title="bbox 622 1661 2124 1749; baseline -0.004 -20"><span class='ocrx_word' id='word_1_81' title='bbox 622 1666 715 1729; x_wconf 91' lang='lat' dir='ltr'><strong>Et</strong></span> <span class='ocrx_word' id='word_1_82' title='bbox 744 1664 1005 1749; x_wconf 87' lang='lat' dir='ltr'><strong>proprio</strong></span> <span class='ocrx_word' id='word_1_83' title='bbox 1032 1674 1217 1726; x_wconf 91' lang='lat' dir='ltr'><strong>motu</strong></span> <span class='ocrx_word' id='word_1_84' title='bbox 1243 1663 1485 1727; x_wconf 87' lang='lat' dir='ltr'><strong>mundo</strong></span> <span class='ocrx_word' id='word_1_85' title='bbox 1516 1661 1834 1726; x_wconf 89' lang='lat' dir='ltr'><strong>contraria</strong></span> <span class='ocrx_word' id='word_1_86' title='bbox 1861 1663 2124 1724; x_wconf 88' lang='lat' dir='ltr'><strong>volvunt</strong></span> 
     </span>
     <span class='ocr_line' id='line_1_14' title="bbox 624 1747 2328 1832; baseline -0.004 -18"><span class='ocrx_word' id='word_1_87' title='bbox 624 1750 982 1827; x_wconf 71' lang='lat' dir='ltr'><strong>Curriwla,</strong></span> <span class='ocrx_word' id='word_1_88' title='bbox 1012 1749 1465 1832; x_wconf 84' lang='lat' dir='ltr'><strong>exceduntque</strong></span> <span class='ocrx_word' id='word_1_89' title='bbox 1493 1748 1634 1811; x_wconf 91' lang='lat' dir='ltr'><strong>loco</strong></span> <span class='ocrx_word' id='word_1_90' title='bbox 1665 1759 1732 1810; x_wconf 92' lang='lat' dir='ltr'><strong>et</strong></span> <span class='ocrx_word' id='word_1_91' title='bbox 1759 1747 2026 1830; x_wconf 83' lang='lat' dir='ltr'><strong>vestigia</strong></span> <span class='ocrx_word' id='word_1_92' title='bbox 2053 1756 2328 1810; x_wconf 88' lang='lat' dir='ltr'><strong>mutant.</strong></span> 
     </span>
     <span class='ocr_line' id='line_1_15' title="bbox 624 1830 2612 1919; baseline -0.003 -20"><span class='ocrx_word' id='word_1_93' title='bbox 624 1834 826 1899; x_wconf 85' lang='lat' dir='ltr'><strong>Haud</strong></span> <span class='ocrx_word' id='word_1_94' title='bbox 854 1834 1153 1919; x_wconf 88' lang='lat' dir='ltr'><strong>equidem</strong></span> <span class='ocrx_word' id='word_1_95' title='bbox 1180 1833 1385 1918; x_wconf 84' lang='lat' dir='ltr'><strong>possis</strong></span> <span class='ocrx_word' id='word_1_96' title='bbox 1405 1833 1530 1897; x_wconf 86' lang='lat' dir='ltr'><strong>alio</strong></span> <span class='ocrx_word' id='word_1_97' title='bbox 1558 1833 1930 1916; x_wconf 87' lang='lat' dir='ltr'><strong>contingere</strong></span> <span class='ocrx_word' id='word_1_98' title='bbox 1963 1833 2168 1915; x_wconf 70' lang='lat' dir='ltr'><strong>sigim,</strong></span> <span class='ocrx_word' id='word_1_99' title='bbox 2509 1830 2612 1876; x_wconf 77' lang='lat'><strong>440</strong></span> 
     </span>
     <span class='ocr_line' id='line_1_16' title="bbox 626 1916 2415 2002; baseline -0.004 -16"><span class='ocrx_word' id='word_1_100' title='bbox 626 1921 799 1986; x_wconf 79' lang='lat' dir='ltr'><strong>Quae</strong></span> <span class='ocrx_word' id='word_1_101' title='bbox 830 1920 988 1984; x_wconf 89' lang='lat' dir='ltr'><strong>divis</strong></span> <span class='ocrx_word' id='word_1_102' title='bbox 1017 1920 1216 1984; x_wconf 90' lang='lat' dir='ltr'><strong>sedes.</strong></span> <span class='ocrx_word' id='word_1_103' title='bbox 1308 1918 1483 1982; x_wconf 89' lang='lat' dir='ltr'><strong>Hinc</strong></span> <span class='ocrx_word' id='word_1_104' title='bbox 1513 1929 1711 2002; x_wconf 90' lang='lat' dir='ltr'><strong>atque</strong></span> <span class='ocrx_word' id='word_1_105' title='bbox 1739 1918 1888 1981; x_wconf 89' lang='lat' dir='ltr'><strong>hinc</strong></span> <span class='ocrx_word' id='word_1_106' title='bbox 1917 1941 2086 2001; x_wconf 90' lang='lat' dir='ltr'><strong>saepe</strong></span> <span class='ocrx_word' id='word_1_107' title='bbox 2117 1916 2415 1980; x_wconf 87' lang='lat' dir='ltr'><strong>videntur</strong></span> 
     </span>
     <span class='ocr_line' id='line_1_17' title="bbox 624 2003 2360 2088; baseline -0.003 -17"><span class='ocrx_word' id='word_1_108' title='bbox 624 2006 905 2070; x_wconf 82' lang='lat' dir='ltr'><strong>Occasus</strong></span> <span class='ocrx_word' id='word_1_109' title='bbox 934 2015 1265 2088; x_wconf 87' lang='lat' dir='ltr'><strong>ortusque.</strong></span> <span class='ocrx_word' id='word_1_110' title='bbox 1359 2004 1593 2088; x_wconf 89' lang='lat' dir='ltr'><strong>Neque</strong></span> <span class='ocrx_word' id='word_1_111' title='bbox 1622 2003 1948 2067; x_wconf 74' lang='lat' dir='ltr'><strong>anfractus</strong></span> <span class='ocrx_word' id='word_1_112' title='bbox 1975 2003 2183 2066; x_wconf 82' lang='lat' dir='ltr'><strong>brevis</strong></span> <span class='ocrx_word' id='word_1_113' title='bbox 2212 2003 2360 2078; x_wconf 87' lang='lat' dir='ltr'><strong>illis,</strong></span> 
     </span>
     <span class='ocr_line' id='line_1_18' title="bbox 623 2089 2103 2175; baseline -0.003 -20"><span class='ocrx_word' id='word_1_114' title='bbox 623 2091 1055 2175; x_wconf 87' lang='lat' dir='ltr'><strong>Annosasque</strong></span> <span class='ocrx_word' id='word_1_115' title='bbox 1084 2091 1213 2154; x_wconf 85' lang='lat' dir='ltr'><strong>vias</strong></span> <span class='ocrx_word' id='word_1_116' title='bbox 1244 2090 1463 2154; x_wconf 85' lang='lat' dir='ltr'><strong>tardus</strong></span> <span class='ocrx_word' id='word_1_117' title='bbox 1490 2091 1602 2153; x_wconf 84' lang='lat' dir='ltr'><strong>vix</strong></span> <span class='ocrx_word' id='word_1_118' title='bbox 1630 2089 1881 2173; x_wconf 91' lang='lat' dir='ltr'><strong>perficit</strong></span> <span class='ocrx_word' id='word_1_119' title='bbox 1910 2089 2103 2152; x_wconf 84' lang='lat' dir='ltr'><strong>orbis,</strong></span> 
     </span>
     <span class='ocr_line' id='line_1_19' title="bbox 628 2173 2232 2261; baseline -0.002 -20"><span class='ocrx_word' id='word_1_120' title='bbox 628 2177 773 2241; x_wconf 86' lang='lat' dir='ltr'><strong>Hoc</strong></span> <span class='ocrx_word' id='word_1_121' title='bbox 803 2199 963 2261; x_wconf 88' lang='lat' dir='ltr'><strong>opus</strong></span> <span class='ocrx_word' id='word_1_122' title='bbox 994 2176 1237 2239; x_wconf 88' lang='lat' dir='ltr'><strong>arcanis</strong></span> <span class='ocrx_word' id='word_1_123' title='bbox 1266 2175 1319 2238; x_wconf 89' lang='lat' dir='ltr'><strong>si</strong></span> <span class='ocrx_word' id='word_1_124' title='bbox 1349 2175 1601 2238; x_wconf 85' lang='lat' dir='ltr'><strong>credam</strong></span> <span class='ocrx_word' id='word_1_125' title='bbox 1631 2174 1966 2259; x_wconf 89' lang='lat' dir='ltr'><strong>postmodo</strong></span> <span class='ocrx_word' id='word_1_126' title='bbox 1997 2173 2209 2238; x_wconf 89' lang='lat' dir='ltr'><strong>Musis</strong></span> <span class='ocrx_word' id='word_1_127' title='bbox 2215 2219 2232 2248; x_wconf 95' lang='lat'><strong>,</strong></span> 
     </span>
     <span class='ocr_line' id='line_1_20' title="bbox 626 2258 2610 2345; baseline -0.002 -20"><span class='ocrx_word' id='word_1_128' title='bbox 626 2264 909 2345; x_wconf 87' lang='lat' dir='ltr'><strong>Tempus</strong></span> <span class='ocrx_word' id='word_1_129' title='bbox 938 2272 1004 2325; x_wconf 92' lang='lat' dir='ltr'><strong>et</strong></span> <span class='ocrx_word' id='word_1_130' title='bbox 1033 2261 1168 2345; x_wconf 90' lang='lat' dir='ltr'><strong>ipse</strong></span> <span class='ocrx_word' id='word_1_131' title='bbox 1197 2261 1397 2337; x_wconf 90' lang='lat' dir='ltr'><strong>labor,</strong></span> <span class='ocrx_word' id='word_1_132' title='bbox 1430 2261 1764 2344; x_wconf 88' lang='lat' dir='ltr'><strong>patiantur</strong></span> <span class='ocrx_word' id='word_1_133' title='bbox 1791 2259 1946 2336; x_wconf 85' lang='lat' dir='ltr'><strong>fata,</strong></span> <span class='ocrx_word' id='word_1_134' title='bbox 1979 2258 2254 2338; x_wconf 88' lang='lat' dir='ltr'><strong>docebit,</strong></span> <span class='ocrx_word' id='word_1_135' title='bbox 2511 2259 2610 2303; x_wconf 80' lang='lat'><strong>445</strong></span> 
     </span>
     <span class='ocr_line' id='line_1_21' title="bbox 716 2344 2610 2431; baseline -0.003 -22"><span class='ocrx_word' id='word_1_136' title='bbox 716 2347 1063 2430; x_wconf 86' lang='lat' dir='ltr'><strong>Signorum</strong></span> <span class='ocrx_word' id='word_1_137' title='bbox 1090 2357 1325 2431; x_wconf 73' lang='lat' dir='ltr'><strong>parteS,</strong></span> <span class='ocrx_word' id='word_1_138' title='bbox 1358 2365 1630 2429; x_wconf 89' lang='lat' dir='ltr'><strong>quorum</strong></span> <span class='ocrx_word' id='word_1_139' title='bbox 1661 2344 1970 2429; x_wconf 87' lang='lat' dir='ltr'><strong>praedicta</strong></span> <span class='ocrx_word' id='word_1_140' title='bbox 1997 2345 2202 2427; x_wconf 84' lang='lat' dir='ltr'><strong>figura</strong></span> <span class='ocrx_word' id='word_1_141' title='bbox 2232 2351 2351 2420; x_wconf 88' lang='lat' dir='ltr'><strong>est,</strong></span> <span class='ocrx_word' id='word_1_142' title='bbox 2404 2349 2610 2379; x_wconf 77' lang='lat' dir='ltr'><strong>omem.</strong></span> 
     </span>
     <span class='ocr_line' id='line_1_22' title="bbox 628 2430 2184 2516; baseline -0.001 -20"><span class='ocrx_word' id='word_1_143' title='bbox 628 2432 898 2496; x_wconf 89' lang='lat' dir='ltr'><strong>Annum</strong></span> <span class='ocrx_word' id='word_1_144' title='bbox 929 2432 1251 2516; x_wconf 79' lang='lat' dir='ltr'><strong>expleturi</strong></span> <span class='ocrx_word' id='word_1_145' title='bbox 1278 2431 1640 2515; x_wconf 83' lang='lat' dir='ltr'><strong>praecidunt</strong></span> <span class='ocrx_word' id='word_1_146' title='bbox 1671 2440 1948 2514; x_wconf 87' lang='lat' dir='ltr'><strong>quatuor</strong></span> <span class='ocrx_word' id='word_1_147' title='bbox 1977 2430 2184 2494; x_wconf 76' lang='lat' dir='ltr'><strong>orbes·</strong></span> 
     </span>
     <span class='ocr_line' id='line_1_23' title="bbox 629 2515 2124 2598; baseline -0.001 -17"><span class='ocrx_word' id='word_1_148' title='bbox 629 2517 975 2582; x_wconf 88' lang='lat' dir='ltr'><strong>Intervalla</strong></span> <span class='ocrx_word' id='word_1_149' title='bbox 1004 2517 1199 2580; x_wconf 89' lang='lat' dir='ltr'><strong>trium</strong></span> <span class='ocrx_word' id='word_1_150' title='bbox 1230 2528 1622 2580; x_wconf 86' lang='lat' dir='ltr'><strong>transversus</strong></span> <span class='ocrx_word' id='word_1_151' title='bbox 1652 2515 1909 2598; x_wconf 88' lang='lat' dir='ltr'><strong>colligat</strong></span> <span class='ocrx_word' id='word_1_152' title='bbox 1937 2537 2124 2579; x_wconf 80' lang='lat' dir='ltr'><strong>unus,</strong></span> 
     </span>
     <span class='ocr_line' id='line_1_24' title="bbox 630 2600 2335 2686; baseline -0.002 -20"><span class='ocrx_word' id='word_1_153' title='bbox 630 2603 772 2666; x_wconf 90' lang='lat' dir='ltr'><strong>Nec</strong></span> <span class='ocrx_word' id='word_1_154' title='bbox 801 2625 917 2686; x_wconf 86' lang='lat' dir='ltr'><strong>par</strong></span> <span class='ocrx_word' id='word_1_155' title='bbox 941 2612 1039 2667; x_wconf 87' lang='lat' dir='ltr'><strong>est</strong></span> <span class='ocrx_word' id='word_1_156' title='bbox 1058 2602 1183 2665; x_wconf 78' lang='lat' dir='ltr'><strong>illis</strong></span> <span class='ocrx_word' id='word_1_157' title='bbox 1213 2603 1489 2686; x_wconf 87' lang='lat' dir='ltr'><strong>spatium</strong></span> <span class='ocrx_word' id='word_1_158' title='bbox 1517 2626 1532 2679; x_wconf 77' lang='lat'>3</span> <span class='ocrx_word' id='word_1_159' title='bbox 1579 2602 1707 2664; x_wconf 95' lang='lat' dir='ltr'><strong>duo</strong></span> <span class='ocrx_word' id='word_1_160' title='bbox 1737 2623 2014 2683; x_wconf 87' lang='lat' dir='ltr'><strong>namque</strong></span> <span class='ocrx_word' id='word_1_161' title='bbox 2040 2600 2335 2663; x_wconf 87' lang='lat' dir='ltr'><strong>feruntur</strong></span> 
     </span>
     <span class='ocr_line' id='line_1_25' title="bbox 629 2679 2612 2772; baseline -0.002 -21"><span class='ocrx_word' id='word_1_162' title='bbox 629 2687 816 2752; x_wconf 88' lang='lat' dir='ltr'><strong>Inter</strong></span> <span class='ocrx_word' id='word_1_163' title='bbox 844 2710 911 2750; x_wconf 89' lang='lat' dir='ltr'><strong>se</strong></span> <span class='ocrx_word' id='word_1_164' title='bbox 942 2687 1255 2772; x_wconf 79' lang='lat' dir='ltr'><strong>aequales3</strong></span> <span class='ocrx_word' id='word_1_165' title='bbox 1302 2687 1452 2763; x_wconf 93' lang='lat' dir='ltr'><strong>du0,</strong></span> <span class='ocrx_word' id='word_1_166' title='bbox 1486 2709 1763 2771; x_wconf 87' lang='lat' dir='ltr'><strong>quorum</strong></span> <span class='ocrx_word' id='word_1_167' title='bbox 1793 2697 1892 2749; x_wconf 85' lang='lat' dir='ltr'><strong>est</strong></span> <span class='ocrx_word' id='word_1_168' title='bbox 1921 2686 2202 2750; x_wconf 86' lang='lat' dir='ltr'><strong>maxima</strong></span> <span class='ocrx_word' id='word_1_169' title='bbox 2228 2685 2468 2760; x_wconf 81' lang='lat' dir='ltr'><strong>forma3</strong></span> <span class='ocrx_word' id='word_1_170' title='bbox 2513 2679 2612 2725; x_wconf 82' lang='lat'><strong>450</strong></span> 
     </span>
     <span class='ocr_line' id='line_1_26' title="bbox 628 2771 2157 2856; baseline 0 -20"><span class='ocrx_word' id='word_1_171' title='bbox 628 2774 723 2837; x_wconf 91' lang='lat' dir='ltr'><strong>Et</strong></span> <span class='ocrx_word' id='word_1_172' title='bbox 752 2773 1018 2838; x_wconf 89' lang='lat' dir='ltr'><strong>totidem</strong></span> <span class='ocrx_word' id='word_1_173' title='bbox 1048 2793 1301 2836; x_wconf 88' lang='lat' dir='ltr'><strong>rursum</strong></span> <span class='ocrx_word' id='word_1_174' title='bbox 1327 2772 1652 2856; x_wconf 89' lang='lat' dir='ltr'><strong>praedictis</strong></span> <span class='ocrx_word' id='word_1_175' title='bbox 1682 2782 1832 2835; x_wconf 89' lang='lat' dir='ltr'><strong>ante</strong></span> <span class='ocrx_word' id='word_1_176' title='bbox 1861 2771 2157 2836; x_wconf 76' lang='lat' dir='ltr'><strong>minores·</strong></span> 
     </span>
     <span class='ocr_line' id='line_1_27' title="bbox 632 2855 2095 2943; baseline -0.001 -21"><span class='ocrx_word' id='word_1_177' title='bbox 632 2857 728 2922; x_wconf 88' lang='lat' dir='ltr'><strong>Hi</strong></span> <span class='ocrx_word' id='word_1_178' title='bbox 758 2879 1006 2943; x_wconf 89' lang='lat' dir='ltr'><strong>semper</strong></span> <span class='ocrx_word' id='word_1_179' title='bbox 1028 2857 1304 2935; x_wconf 83' lang='lat' dir='ltr'><strong>distant3</strong></span> <span class='ocrx_word' id='word_1_180' title='bbox 1349 2859 1491 2922; x_wconf 88' lang='lat' dir='ltr'><strong>illos</strong></span> <span class='ocrx_word' id='word_1_181' title='bbox 1521 2857 1882 2920; x_wconf 89' lang='lat' dir='ltr'><strong>communia</strong></span> <span class='ocrx_word' id='word_1_182' title='bbox 1912 2855 2095 2938; x_wconf 87' lang='lat' dir='ltr'><strong>signa</strong></span> 
     </span>
     <span class='ocr_line' id='line_1_28' title="bbox 633 2943 2412 3028; baseline -0.002 -22"><span class='ocrx_word' id='word_1_183' title='bbox 633 2943 1099 3020; x_wconf 84' lang='lat' dir='ltr'><strong>Committunt3</strong></span> <span class='ocrx_word' id='word_1_184' title='bbox 1147 2965 1275 3028; x_wconf 90' lang='lat' dir='ltr'><strong>qua</strong></span> <span class='ocrx_word' id='word_1_185' title='bbox 1305 2966 1373 3007; x_wconf 89' lang='lat' dir='ltr'><strong>se</strong></span> <span class='ocrx_word' id='word_1_186' title='bbox 1402 2953 1702 3026; x_wconf 83' lang='lat' dir='ltr'><strong>tangunt,</strong></span> <span class='ocrx_word' id='word_1_187' title='bbox 1734 2964 1880 3026; x_wconf 87' lang='lat' dir='ltr'><strong>pars</strong></span> <span class='ocrx_word' id='word_1_188' title='bbox 1909 2963 2099 3024; x_wconf 78' lang='lat' dir='ltr'><strong>aequa</strong></span> <span class='ocrx_word' id='word_1_189' title='bbox 2124 2950 2412 3024; x_wconf 80' lang='lat' dir='ltr'><strong>rotarum</strong></span> 
     </span>
     <span class='ocr_line' id='line_1_29' title="bbox 632 3027 2051 3111; baseline -0.001 -18"><span class='ocrx_word' id='word_1_190' title='bbox 632 3027 983 3104; x_wconf 87' lang='lat' dir='ltr'><strong>Dividitur,</strong></span> <span class='ocrx_word' id='word_1_191' title='bbox 1014 3028 1199 3092; x_wconf 88' lang='lat' dir='ltr'><strong>binos</strong></span> <span class='ocrx_word' id='word_1_192' title='bbox 1230 3039 1306 3091; x_wconf 92' lang='lat' dir='ltr'><strong>ut</strong></span> <span class='ocrx_word' id='word_1_193' title='bbox 1337 3028 1390 3091; x_wconf 93' lang='lat' dir='ltr'><strong>si</strong></span> <span class='ocrx_word' id='word_1_194' title='bbox 1420 3029 1534 3111; x_wconf 89' lang='lat' dir='ltr'><strong>qui</strong></span> <span class='ocrx_word' id='word_1_195' title='bbox 1565 3028 1817 3091; x_wconf 87' lang='lat' dir='ltr'><strong>desecet</strong></span> <span class='ocrx_word' id='word_1_196' title='bbox 1845 3048 2051 3091; x_wconf 88' lang='lat' dir='ltr'><strong>arcus.</strong></span> 
     </span>
     <span class='ocr_line' id='line_1_30' title="bbox 720 3109 2614 3198; baseline -0.002 -20"><span class='ocrx_word' id='word_1_197' title='bbox 720 3112 1063 3178; x_wconf 90' lang='lat' dir='ltr'><strong>Dissimilis</strong></span> <span class='ocrx_word' id='word_1_198' title='bbox 1086 3114 1353 3198; x_wconf 88' lang='lat' dir='ltr'><strong>quintus</strong></span> <span class='ocrx_word' id='word_1_199' title='bbox 1378 3113 1626 3197; x_wconf 89' lang='lat' dir='ltr'><strong>liquida</strong></span> <span class='ocrx_word' id='word_1_200' title='bbox 1654 3113 1774 3177; x_wconf 87' lang='lat' dir='ltr'><strong>sub</strong></span> <span class='ocrx_word' id='word_1_201' title='bbox 1798 3123 1984 3176; x_wconf 91' lang='lat' dir='ltr'><strong>nocte</strong></span> <span class='ocrx_word' id='word_1_202' title='bbox 2009 3112 2284 3188; x_wconf 87' lang='lat' dir='ltr'><strong>videtur,</strong></span> <span class='ocrx_word' id='word_1_203' title='bbox 2297 3117 2500 3152; x_wconf 69' lang='lat' dir='ltr'><strong>umus</strong></span> <span class='ocrx_word' id='word_1_204' title='bbox 2517 3109 2614 3155; x_wconf 81' lang='lat'><strong>455</strong></span> 
     </span>
     <span class='ocr_line' id='line_1_31' title="bbox 630 3196 2215 3283; baseline -0.001 -20"><span class='ocrx_word' id='word_1_205' title='bbox 630 3196 857 3263; x_wconf 86' lang='lat' dir='ltr'><strong>Sidera</strong></span> <span class='ocrx_word' id='word_1_206' title='bbox 886 3221 1087 3283; x_wconf 91' lang='lat' dir='ltr'><strong>quum</strong></span> <span class='ocrx_word' id='word_1_207' title='bbox 1114 3198 1395 3263; x_wconf 87' lang='lat' dir='ltr'><strong>reddunt</strong></span> <span class='ocrx_word' id='word_1_208' title='bbox 1424 3199 1702 3262; x_wconf 86' lang='lat' dir='ltr'><strong>sinceros</strong></span> <span class='ocrx_word' id='word_1_209' title='bbox 1733 3198 1984 3261; x_wconf 87' lang='lat' dir='ltr'><strong>eminus</strong></span> <span class='ocrx_word' id='word_1_210' title='bbox 2011 3197 2215 3280; x_wconf 77' lang='lat' dir='ltr'><strong>ignes·</strong></span> 
     </span>
     <span class='ocr_line' id='line_1_32' title="bbox 632 3283 2233 3361; baseline -0.001 -13"><span class='ocrx_word' id='word_1_211' title='bbox 632 3284 851 3348; x_wconf 85' lang='lat' dir='ltr'><strong>Laetis</strong></span> <span class='ocrx_word' id='word_1_212' title='bbox 882 3285 941 3347; x_wconf 88' lang='lat' dir='ltr'><strong>ei</strong></span> <span class='ocrx_word' id='word_1_213' title='bbox 970 3283 1161 3361; x_wconf 88' lang='lat' dir='ltr'><strong>color,</strong></span> <span class='ocrx_word' id='word_1_214' title='bbox 1195 3294 1263 3348; x_wconf 87' lang='lat' dir='ltr'><strong>et</strong></span> <span class='ocrx_word' id='word_1_215' title='bbox 1289 3284 1514 3347; x_wconf 84' lang='lat' dir='ltr'><strong>mediis</strong></span> <span class='ocrx_word' id='word_1_216' title='bbox 1542 3284 1644 3348; x_wconf 88' lang='lat' dir='ltr'><strong>via</strong></span> <span class='ocrx_word' id='word_1_217' title='bbox 1668 3283 1844 3347; x_wconf 87' lang='lat' dir='ltr'><strong>lucet</strong></span> <span class='ocrx_word' id='word_1_218' title='bbox 1871 3284 1940 3349; x_wconf 89' lang='lat' dir='ltr'><strong>in</strong></span> <span class='ocrx_word' id='word_1_219' title='bbox 1970 3283 2233 3347; x_wconf 80' lang='lat' dir='ltr'><strong>umbris,</strong></span> 
     </span>
    </p>
   </div>
   <div class='ocr_carea' id='block_1_3' title="bbox 633 3368 2624 3624">
    <p class='ocr_par' dir='ltr' id='par_1_3' title="bbox 633 3368 2624 3624">
     <span class='ocr_line' id='line_1_33' title="bbox 633 3368 2617 3450; baseline -0.003 -16"><span class='ocrx_word' id='word_1_220' title='bbox 633 3368 909 3434; x_wconf 87' lang='lat' dir='ltr'><strong>Lacteus</strong></span> <span class='ocrx_word' id='word_1_221' title='bbox 938 3369 1041 3432; x_wconf 89' lang='lat' dir='ltr'><strong>hic</strong></span> <span class='ocrx_word' id='word_1_222' title='bbox 1070 3369 1242 3434; x_wconf 86' lang='lat' dir='ltr'><strong>orbis</strong></span> <span class='ocrx_word' id='word_1_223' title='bbox 1272 3369 1450 3432; x_wconf 91' lang='lat' dir='ltr'><strong>nullo</strong></span> <span class='ocrx_word' id='word_1_224' title='bbox 1479 3369 1688 3432; x_wconf 91' lang='lat' dir='ltr'><strong>minor</strong></span> <span class='ocrx_word' id='word_1_225' title='bbox 1715 3368 1870 3432; x_wconf 91' lang='lat' dir='ltr'><strong>orbe</strong></span> <span class='ocrx_word' id='word_1_226' title='bbox 1899 3379 2168 3433; x_wconf 90' lang='lat' dir='ltr'><strong>rotatur.</strong></span> <span class='ocrx_word' id='word_1_227' title='bbox 2499 3404 2617 3450; x_wconf 74' lang='lat' dir='ltr'><strong>[cm.</strong></span> 
     </span>
     <span class='ocr_line' id='line_1_34' title="bbox 723 3452 2624 3538; baseline -0.005 -19"><span class='ocrx_word' id='word_1_228' title='bbox 723 3454 965 3518; x_wconf 86' lang='lat' dir='ltr'><strong>Celsior</strong></span> <span class='ocrx_word' id='word_1_229' title='bbox 993 3453 1073 3518; x_wconf 91' lang='lat' dir='ltr'><strong>ad</strong></span> <span class='ocrx_word' id='word_1_230' title='bbox 1106 3454 1359 3518; x_wconf 89' lang='lat' dir='ltr'><strong>Borean</strong></span> <span class='ocrx_word' id='word_1_231' title='bbox 1390 3455 1507 3538; x_wconf 90' lang='lat' dir='ltr'><strong>qui</strong></span> <span class='ocrx_word' id='word_1_232' title='bbox 1534 3455 1741 3536; x_wconf 86' lang='lat' dir='ltr'><strong>vergit</strong></span> <span class='ocrx_word' id='word_1_233' title='bbox 1763 3454 2055 3530; x_wconf 83' lang='lat' dir='ltr'><strong>circuluS,</strong></span> <span class='ocrx_word' id='word_1_234' title='bbox 2086 3452 2248 3517; x_wconf 90' lang='lat' dir='ltr'><strong>altos</strong></span> <span class='ocrx_word' id='word_1_235' title='bbox 2271 3460 2496 3493; x_wconf 74' lang='lat' dir='ltr'><strong>mancus</strong></span> <span class='ocrx_word' id='word_1_236' title='bbox 2513 3461 2624 3492; x_wconf 57' lang='grc' dir='ltr'><strong>ω·</strong></span> 
     </span>
     <span class='ocr_line' id='line_1_35' title="bbox 633 3535 2622 3624; baseline -0.004 -20"><span class='ocrx_word' id='word_1_237' title='bbox 633 3539 729 3604; x_wconf 90' lang='lat' dir='ltr'><strong>Et</strong></span> <span class='ocrx_word' id='word_1_238' title='bbox 754 3539 1005 3624; x_wconf 85' lang='lat' dir='ltr'><strong>peragit</strong></span> <span class='ocrx_word' id='word_1_239' title='bbox 1032 3548 1275 3604; x_wconf 87' lang='lat' dir='ltr'><strong>tractus</strong></span> <span class='ocrx_word' id='word_1_240' title='bbox 1303 3539 1522 3602; x_wconf 89' lang='lat' dir='ltr'><strong>vicinis</strong></span> <span class='ocrx_word' id='word_1_241' title='bbox 1550 3538 1722 3603; x_wconf 88' lang='lat' dir='ltr'><strong>haud</strong></span> <span class='ocrx_word' id='word_1_242' title='bbox 1749 3540 1972 3623; x_wconf 89' lang='lat' dir='ltr'><strong>procul</strong></span> <span class='ocrx_word' id='word_1_243' title='bbox 2004 3537 2208 3614; x_wconf 83' lang='lat' dir='ltr'><strong>UrsiS,</strong></span> <span class='ocrx_word' id='word_1_244' title='bbox 2521 3535 2622 3582; x_wconf 81' lang='lat'><strong>460</strong></span> 
     </span>
    </p>
   </div>
   <div class='ocr_carea' id='block_1_4' title="bbox 634 3624 2626 4134">
    <p class='ocr_par' dir='ltr' id='par_1_4' title="bbox 636 3624 2152 3706">
     <span class='ocr_line' id='line_1_36' title="bbox 636 3624 2152 3706; baseline -0.003 -16"><span class='ocrx_word' id='word_1_245' title='bbox 636 3625 763 3690; x_wconf 91' lang='lat' dir='ltr'><strong>Per</strong></span> <span class='ocrx_word' id='word_1_246' title='bbox 792 3624 1103 3688; x_wconf 88' lang='lat' dir='ltr'><strong>Geminos</strong></span> <span class='ocrx_word' id='word_1_247' title='bbox 1133 3625 1329 3689; x_wconf 89' lang='lat' dir='ltr'><strong>currit</strong></span> <span class='ocrx_word' id='word_1_248' title='bbox 1358 3625 1620 3702; x_wconf 75' lang='lat' dir='ltr'><strong>medice,</strong></span> <span class='ocrx_word' id='word_1_249' title='bbox 1651 3625 1922 3706; x_wconf 86' lang='lat' dir='ltr'><strong>vestigia</strong></span> <span class='ocrx_word' id='word_1_250' title='bbox 1944 3624 2152 3706; x_wconf 88' lang='lat' dir='ltr'><strong>tangit</strong></span> 
     </span>
    </p>

    <p class='ocr_par' dir='ltr' id='par_1_5' title="bbox 636 3709 2140 3794">
     <span class='ocr_line' id='line_1_37' title="bbox 636 3709 2140 3794; baseline -0.004 -16"><span class='ocrx_word' id='word_1_251' title='bbox 636 3710 905 3793; x_wconf 77' lang='lat' dir='ltr'><strong>Aurigae</strong></span> <span class='ocrx_word' id='word_1_252' title='bbox 934 3709 1347 3794; x_wconf 86' lang='lat' dir='ltr'><strong>plantamque</strong></span> <span class='ocrx_word' id='word_1_253' title='bbox 1377 3711 1532 3774; x_wconf 88' lang='lat' dir='ltr'><strong>terit</strong></span> <span class='ocrx_word' id='word_1_254' title='bbox 1563 3709 1866 3774; x_wconf 67' lang='lat' dir='ltr'><strong>Perseida</strong></span> <span class='ocrx_word' id='word_1_255' title='bbox 1893 3709 2140 3786; x_wconf 87' lang='lat' dir='ltr'><strong>laevam,</strong></span> 
     </span>
    </p>

    <p class='ocr_par' dir='ltr' id='par_1_6' title="bbox 634 3795 2626 4134">
     <span class='ocr_line' id='line_1_38' title="bbox 634 3795 2560 3879; baseline -0.003 -19"><span class='ocrx_word' id='word_1_256' title='bbox 634 3797 1040 3860; x_wconf 87' lang='lat' dir='ltr'><strong>Transversae</strong></span> <span class='ocrx_word' id='word_1_257' title='bbox 1072 3795 1504 3859; x_wconf 76' lang='lat' dir='ltr'><strong>Andromedae</strong></span> <span class='ocrx_word' id='word_1_258' title='bbox 1532 3795 1736 3859; x_wconf 90' lang='lat' dir='ltr'><strong>latera</strong></span> <span class='ocrx_word' id='word_1_259' title='bbox 1764 3805 2038 3879; x_wconf 85' lang='lat' dir='ltr'><strong>utraque</strong></span> <span class='ocrx_word' id='word_1_260' title='bbox 2067 3803 2353 3879; x_wconf 88' lang='lat' dir='ltr'><strong>persecat</strong></span> <span class='ocrx_word' id='word_1_261' title='bbox 2383 3801 2560 3856; x_wconf 87' lang='lat' dir='ltr'><strong>actus</strong></span> 
     </span>
     <span class='ocr_line' id='line_1_39' title="bbox 636 3878 2548 3964; baseline -0.004 -18"><span class='ocrx_word' id='word_1_262' title='bbox 636 3881 731 3946; x_wconf 92' lang='lat' dir='ltr'><strong>Et</strong></span> <span class='ocrx_word' id='word_1_263' title='bbox 762 3891 963 3944; x_wconf 87' lang='lat' dir='ltr'><strong>totam</strong></span> <span class='ocrx_word' id='word_1_264' title='bbox 992 3880 1103 3943; x_wconf 91' lang='lat' dir='ltr'><strong>abs</strong></span> <span class='ocrx_word' id='word_1_265' title='bbox 1132 3881 1401 3944; x_wconf 88' lang='lat' dir='ltr'><strong>humero</strong></span> <span class='ocrx_word' id='word_1_266' title='bbox 1432 3881 1760 3946; x_wconf 84' lang='lat' dir='ltr'><strong>dextram:</strong></span> <span class='ocrx_word' id='word_1_267' title='bbox 1808 3903 2056 3944; x_wconf 87' lang='lat' dir='ltr'><strong>summa</strong></span> <span class='ocrx_word' id='word_1_268' title='bbox 2083 3879 2326 3962; x_wconf 87' lang='lat' dir='ltr'><strong>ungula</strong></span> <span class='ocrx_word' id='word_1_269' title='bbox 2353 3878 2548 3964; x_wconf 88' lang='lat' dir='ltr'><strong>pulsu</strong></span> 
     </span>
     <span class='ocr_line' id='line_1_40' title="bbox 634 3959 2626 4051; baseline -0.002 -21"><span class='ocrx_word' id='word_1_270' title='bbox 634 3965 932 4050; x_wconf 89' lang='lat' dir='ltr'><strong>†Dividit</strong></span> <span class='ocrx_word' id='word_1_271' title='bbox 960 3976 1027 4029; x_wconf 87' lang='lat' dir='ltr'><strong>et</strong></span> <span class='ocrx_word' id='word_1_272' title='bbox 1059 3963 1413 4048; x_wconf 86' lang='lat' dir='ltr'><strong>Sagittiferi</strong></span> <span class='ocrx_word' id='word_1_273' title='bbox 1442 3967 1724 4031; x_wconf 91' lang='lat' dir='ltr'><strong>medium</strong></span> <span class='ocrx_word' id='word_1_274' title='bbox 1756 3965 2040 4051; x_wconf 89' lang='lat' dir='ltr'><strong>pernicia</strong></span> <span class='ocrx_word' id='word_1_275' title='bbox 2067 3987 2252 4028; x_wconf 89' lang='lat' dir='ltr'><strong>crura</strong></span> <span class='ocrx_word' id='word_1_276' title='bbox 2528 3959 2626 4008; x_wconf 77' lang='lat'><strong>465</strong></span> 
     </span>
     <span class='ocr_line' id='line_1_41' title="bbox 634 4048 2278 4134; baseline -0.002 -18"><span class='ocrx_word' id='word_1_277' title='bbox 634 4051 871 4134; x_wconf 78' lang='lat' dir='ltr'><strong>†Acris</strong></span> <span class='ocrx_word' id='word_1_278' title='bbox 901 4048 1053 4134; x_wconf 89' lang='lat' dir='ltr'><strong>equi</strong></span> <span class='ocrx_word' id='word_1_279' title='bbox 1081 4050 1231 4116; x_wconf 86' lang='lat' dir='ltr'><strong>ferit</strong></span> <span class='ocrx_word' id='word_1_280' title='bbox 1260 4051 1428 4116; x_wconf 90' lang='lat' dir='ltr'><strong>orbis</strong></span> <span class='ocrx_word' id='word_1_281' title='bbox 1458 4051 1616 4116; x_wconf 87' lang='lat' dir='ltr'><strong>iter:</strong></span> <span class='ocrx_word' id='word_1_282' title='bbox 1664 4061 1805 4116; x_wconf 90' lang='lat' dir='ltr'><strong>tum</strong></span> <span class='ocrx_word' id='word_1_283' title='bbox 1835 4051 2137 4115; x_wconf 89' lang='lat' dir='ltr'><strong>candidus</strong></span> <span class='ocrx_word' id='word_1_284' title='bbox 2169 4072 2278 4114; x_wconf 88' lang='lat' dir='ltr'><strong>ora</strong></span> 
     </span>
    </p>
   </div>
   <div class='ocr_carea' id='block_1_5' title="bbox 2942 765 2956 2690">
    <p class='ocr_par' dir='ltr' id='par_1_7' title="bbox 2942 765 2956 2690">
     <span class='ocr_line' id='line_1_42' title="bbox 2942 765 2956 2690; baseline 0 0"><span class='ocrx_word' id='word_1_285' title='bbox 2942 765 2956 2690; x_wconf 95' lang='lat' dir='ltr'><strong> </strong></span> 
     </span>
    </p>
   </div>
  </div>
 </body>
</html>
