2992 4842
1046 589 1116 623 An
1143 587 1515 625 nocuos-rica
1540 591 1773 625 Anum.
2264 579 2434 628 lxxxix

444 727 618 763 occasu
641 713 865 763 Phoebt'2
898 713 960 762 de
980 730 1029 776 g.
1049 715 1173 776 conj.
1198 717 1246 762 b.
1273 714 1392 762 Jam
1419 716 1540 776 quid
1558 715 1624 778 ad
1641 729 1830 764 occam
1856 723 2040 765 moneat
2059 731 2240 782 quoque
2260 718 2429 766 discito

446 777 617 828 Plaaeba·
637 796 675 828 s.
700 780 825 842 conj.
889 779 1050 827 Aliter
1079 795 1246 827 rursus
1281 779 1334 827 in
1368 779 1515 837 Add„
1548 787 1598 828 et
1633 780 1797 828 minus
1829 787 1986 830 recte:
2020 785 2233 831 exoritur
2254 783 2427 832 mundo

450 844 692 906 Cyllenius
725 848 862 908 ignis.
930 844 1061 901 Quid
1075 846 1260 904 facerit
1287 848 1498 906 primum
1532 845 1669 892 modo
1702 846 1741 906 (ἵ
1765 845 2041 895 volebatne:
2076 847 2213 896 docui
2234 846 2286 905 ?)
2320 863 2428 897 cum

445 909 623 957 lumine
647 911 768 957 Solis
785 927 801 956 .·
839 908 1044 974 Tempus
1065 916 1112 957 et
1133 925 1318 956 occasus
1339 915 1527 957 moneat
1546 922 1726 973 quoque
1749 911 1924 959 discere
1944 909 2239 961 Phoebi.—o
2246 913 2309 961 R.

516 975 620 1022 139.
653 974 862 1023 Ver-serit
882 973 1090 1022 hibernis
1112 978 1169 1022 A.
1200 975 1292 1022 Vix
1311 977 1402 1023 erit
1424 974 1472 1022 h.
1502 977 1555 1023 F.
1592 974 1765 1038 (Ibid.)
1786 975 2091 1039 exsecrabile]
2112 977 2208 1040 Ag.
2240 993 2427 1026 execra-

447 1036 538 1086 bile
561 1040 673 1088 Psb.
707 1037 958 1088 exetrabile
979 1039 1213 1087 lix—OF..

515 1104 622 1152 140.
657 1105 729 1152 Et
750 1105 908 1152 crebro
930 1101 1110 1153 tonitru
1115 1105 1304 1166 junqet,
1326 1101 1427 1165 ἀει]
1441 1103 1689 1165 Conjicio,
1710 1107 2151 1169 ninyet:fhrentia,
2171 1110 2249 1164 &a
2315 1107 2429 1156 Tria

445 1169 665 1231 praedicit
701 1170 870 1226 mixta,
906 1174 1132 1228 tonitrua,
1165 1169 1459 1231 yrandinem,
1498 1171 1644 1217 nives.
1711 1170 1883 1218 Guor.
1950 1171 2091 1219 Nihil
2112 1179 2279 1220 muto:
2313 1172 2430 1235 quia

445 1233 548 1281 haec
571 1237 719 1283 etiam
752 1235 898 1282 verba
931 1235 1236 1282 commodam
1269 1234 1561 1281 sententiam
1583 1233 2346 1286 fundunt.—SCH.—-·-tonetra
2370 1240 2426 1286 A.

443 1298 614 1360 (Ibid.)
633 1298 818 1362 ninqet]
845 1299 904 1347 de
924 1314 973 1361 g.
997 1299 1120 1360 conj.
1147 1300 1192 1345 b.
1214 1297 1384 1360 junyet
1403 1299 1792 1361 AFPgs.-OR.

516 1364 624 1413 141.
661 1364 779 1426 Spes
798 1380 901 1428 quoe
924 1398 936 1410 .
953 1398 968 1412 .
989 1366 1292 1426 quantientm·
1309 1363 1553 1411 A.-0R.

517 1429 623 1477 142.
663 1428 962 1492 Urenturque
981 1430 1254 1490 coelumayni
1277 1426 1392 1491 (sic)
1415 1429 1666 1477 ,Λα-ΟΒ..

516 1494 626 1542 143.
661 1493 935 1557 Inyrediens
965 1495 1157 1556 pecudis
1175 1492 1460 1556 inqu-editur]
1510 1494 1581 1541 Et
1600 1507 1767 1541 versus
1788 1508 1957 1542 vocem
1987 1494 2113 1542 hanc
2134 1494 2355 1557 repudiat
2378 1499 2429 1544 et

445 1573 634 1608 sensus.
698 1559 986 1621 Legendum
1009 1559 1146 1616 forte,
1169 1559 1468 1621 transpositis
1488 1565 1538 1607 et
1558 1559 1758 1606 mutatis
1779 1558 1949 1618 literis,
1980 1562 2140 1620 maqni
2157 1575 2263 1607 cum
2283 1575 2427 1622 reqna

452 1620 688 1671 Tonantis
719 1624 990 1686 Inqrediens
1015 1625 1212 1687 pecudis
1233 1623 1354 1671 redit
1384 1625 1572 1671 intrans
1604 1639 1751 1671 aurea
1784 1629 1927 1686 ter-qa.
1994 1623 2163 1686 Reyna
2190 1623 2427 1672 Tonantis

447 1688 730 1750 simpliciter
749 1688 945 1747 coelum,
969 1696 1025 1736 ut
1043 1688 1195 1736 Arato
1219 1684 1397 1745 ἔνδιος,
1419 1686 1705 1753 ἐνερᾶνιος.
1743 1688 1914 1736 Gno'r.
1984 1689 2089 1736 Nos
2110 1692 2426 1738 conscenderit

445 1754 766 1815 reposuimus,
804 1755 922 1802 dum
965 1752 1142 1801 melius
1181 1754 1382 1801 verbum
1415 1754 1700 1816 reperiatur.
1776 1753 1971 1802 Alludit
2008 1753 2138 1802 haud
2174 1754 2317 1802 dubie
2362 1755 2425 1802 ad

447 1818 617 1866 Phrixi
639 1818 1025 1874 similitudinem,
1065 1818 1149 1879 qui
1182 1818 1330 1866 ariete
1351 1825 1517 1866 vectus
1550 1819 1602 1866 in
1635 1817 1920 1867 Colchidem
1942 1819 2075 1875 abiit,
2110 1818 2238 1866 utin
2259 1819 2425 1867 fabula

446 1883 1077 1945 est—SCE—-pecudis
1099 1883 1414 1931 conscenderit
1437 1882 1610 1946 aurea]
1639 1883 1718 1932 Sic
1736 1883 1802 1930 A.
1815 1883 2012 1931 firmans
2025 1900 2063 1931 s.
2080 1884 2425 1946 conjecturam,

446 1963 558 2009 quae
593 1948 913 1996 audacissima
947 1948 1095 1996 videri
1129 1954 1328 2010 poterat.
1357 1949 1552 2011 pecudis
1582 1950 1845 2011 inm-editur
1876 1964 2023 1997 aurea
2058 1948 2098 1996 F
2100 1949 2192 2011 Pg.
2232 1949 2428 2012 pecudis

445 2013 568 2060 redit
588 2016 773 2061 intrans
795 2028 940 2062 aurea
962 2013 1023 2060 de
1042 2027 1089 2074 g.
1113 2013 1241 2074 conj.
1262 2013 1490 2062 b.—OR.

516 2079 623 2126 144.
656 2076 887 2139 Aqenarei
908 2078 966 2126 P.
998 2080 1234 2125 artenorei
1255 2077 1334 2138 A.‚
1369 2078 1453 2126 sed
1475 2084 1745 2126 correctum
1765 2093 1796 2125 a
1816 2093 1910 2126 sec.
1932 2077 2283 2128 mana—OB..

517 2144 626 2191 145.
661 2143 910 2190 Fortasse:
944 2141 1125 2190 rabido.
1155 2143 1318 2204 sydere
1340 2142 1575 2192 P.-0R.

517 2209 626 2255 146.
666 2206 886 2255 Tam-um
919 2210 1080 2256 soevire
1116 2204 1294 2254 videbis
1308 2239 1325 2254 .
1344 2242 1357 2255 .
1377 2241 1390 2255 .
1414 2209 1597 2256 Cancro
1630 2215 1716 2256 aut
1751 2207 1992 2255 Geminis:
2042 2205 2141 2255 Hic
2172 2222 2265 2269 quo
2297 2206 2427 2255 dicta

446 2270 564 2332 Leo,
600 2270 705 2335 cta]
756 2272 1171 2334 Distinguendum
1193 2272 1382 2320 videtur
1402 2279 1451 2320 et
1470 2273 1750 2335 legendum,
1772 2273 1846 2320 uti
1880 2287 2012 2320 nunc
2032 2287 2315 2334 expressum
2335 2279 2425 2321 est.

447 2335 552 2396 Ait,
593 2343 652 2384 ut
684 2337 857 2399 liquet,
891 2337 1106 2385 Taurum
1127 2337 1361 2398 grandine
1381 2337 1580 2386 saevire:
1618 2337 1862 2385 Cancrum
1893 2351 2083 2399 quoque
2114 2345 2162 2385 et
2185 2337 2424 2385 Geminos

446 2415 547 2449 non
569 2401 682 2450 ferri
700 2401 754 2449 in
789 2402 1098 2459 contrarium,
1137 2402 1268 2463 quod
1285 2402 1410 2451 foret
1430 2402 1725 2466 optandum:
1773 2402 1873 2450 imo
1895 2411 1944 2450 et
1977 2402 2194 2450 Leonem
2228 2402 2429 2465 praefata

447 2480 639 2514 servare
671 2466 1050 2528 praecedentium
1087 2467 1300 2514 siderum
1336 2467 1557 2529 vestigia.
1621 2467 1803 2516 Versus
1838 2474 2001 2515 autem
2022 2466 2122 2525 ille,
2157 2466 2327 2514 Flatus
2346 2472 2433 2514 aut

441 2534 643 2592 'eminis
665 2535 826 2580 miscet
845 2533 1107 2595 tranquilla
1125 2535 1299 2579 serenis
1311 2531 1380 2580 ita
1398 2533 1554 2596 possit
1570 2532 1695 2593 legi:
1720 2531 1940 2580 Flatibus
1951 2538 2004 2579 at
2030 2534 2217 2580 Gemini
2234 2536 2430 2582 miscent

447 2596 710 2659 tranquilla
730 2599 895 2644 sereni.
961 2597 1056 2644 Sed
1075 2597 1189 2658 quia
1213 2597 1314 2645 Leo
1339 2597 1575 2645 Geminos
1597 2597 1739 2645 debet
1760 2597 2043 2659 praeoedere,
2083 2603 2134 2644 et
2152 2596 2211 2644 de
2232 2597 2293 2644 iis
2318 2597 2431 2659 jam

447 2661 629 2708 mentio
651 2661 791 2720 facta,
834 2669 882 2708 et
904 2661 1018 2723 quia
1038 2676 1183 2724 supra
1203 2661 1462 2710 habuimus
1489 2664 1676 2709 Gemini
1698 2662 1959 2723 tranquilla
1978 2664 2145 2718 sereni,
2179 2662 2309 2709 unde
2331 2661 2427 2709 hoc

448 2726 710 2788 repetitum
732 2725 935 2781 videtur.
959 2741 1153 2774 versum
1173 2726 1305 2774 hunc
1325 2727 1547 2789 spurium
1560 2726 1744 2787 judico.
1779 2724 2433 2789 Gn.—SCH.—qaoeres]

448 2791 733 2903 δὶοοῖῗίρεί
770 2807 829 2838 ex
862 2791 951 2838 ed.
987 2791 1048 2839 A.
1082 2791 1368 2853 corruptela.
1418 2806 1599 2854 quaeras
1629 2790 1815 2853 FPgsb.
1858 2792 2095 2853 penitusq-
2129 2806 2203 2839 res
2226 2789 2343 2854 (sic)
2365 2791 2431 2839 A.

518 2921 627 2967 147.
667 2920 923 2980 Grandine,
941 2935 1027 2967 nec
1046 2919 1232 2984 canu-a]
1259 2920 1446 2983 FPgsb.
1516 2920 1759 2969 Grandine
1778 2921 2034 2968 ntitcontra
2055 2934 2293 2982 superscr.
2315 2921 2352 2979 ι’,
2375 2925 2435 2971 ut

448 2983 544 3032 sit:
577 2988 856 3034 nititcontra
877 2985 1121 3034 A.-OR.

517 3051 631 3162 318.
667 3050 903 3098 Cancrum
924 3054 1012 3097 ant
1035 3049 1278 3113 Geminos]
1329 3050 1388 3098 de
1409 3065 1460 3114 g.
1481 3052 1608 3113 conj.
1632 3051 1705 3100 sb.
1736 3064 1903 3098 cancro
1926 3055 2010 3097 aut
2026 3049 2227 3112 qeminis
2243 3047 2433 3112 AFPg.

519 3181 630 3228 149.
666 3179 798 3227 Hine
821 3195 911 3241 quo
930 3178 1096 3242 ductu]
1147 3179 1229 3228 Sic
1263 3180 1450 3243 scripsi.
1522 3179 1654 3227 Hinc
1676 3194 1768 3242 quo
1801 3178 1929 3226 dieta
1952 3180 2004 3226 A.
2070 3177 2169 3227 Hic
2190 3192 2282 3241 quo
2304 3177 2433 3226 dicta

451 3243 541 3306 Pg.
608 3244 710 3292 Hic
733 3259 912 3306 quoque
932 3244 1056 3291 diota
1081 3245 1136 3292 F.
1205 3244 1324 3293 Hoee
1345 3261 1445 3308 quoe
1466 3245 1595 3292 dicta
1616 3244 1675 3292 de
1695 3260 1745 3306 g.
1766 3244 1892 3305 conj.
1918 3242 2170 3292 sb.-OR.

523 3309 630 3358 150.
668 3310 747 3357 Sic
769 3309 955 3370 scripsi.
1025 3310 1196 3357 Flatus
1229 3310 1337 3372 (sic)
1371 3309 1601 3372 adqelidis
1639 3313 1801 3357 miscet
1831 3309 2093 3371 tranquilla
2128 3311 2317 3356 serenis.
2366 3308 2431 3356 A.

449 3374 546 3421 Sed
565 3374 822 3436 requiritur
846 3373 1150 3432 vocabulum,
1172 3375 1302 3437 quod
1322 3381 1592 3438 opponatur
1607 3389 1654 3422 v.
1676 3375 1953 3436 tranquilla.
2007 3373 2117 3421 Hoc
2138 3380 2255 3436 puto
2278 3373 2429 3422 fuisse

449 3441 620 3486 severis
632 3457 650 3498 ,-
687 3438 965 3486 Lucretiani
999 3438 1132 3486 illius
1167 3454 1379 3487 memor-t
1471 3439 1663 3502 laqeque
1692 3455 1871 3486 severa.
1933 3438 1983 3486 F
1982 3438 2106 3486 latus
2144 3443 2197 3485 at
2227 3441 2431 3501 yemint‘s

449 3506 612 3551 miscet
634 3505 892 3566 tranquilla
909 3507 1081 3552 serenis
1103 3505 1233 3567 FPg.
1269 3503 1318 3551 F
1316 3505 1404 3552 lati
1510 3511 1561 3553 at
1582 3503 1772 3552 Gemini
1788 3507 1981 3552 miscent
1996 3503 2261 3574 tranquilla
2276 3505 2432 3552 serens·

453 3567 512 3615 de
529 3583 576 3630 g.
601 3569 727 3630 conj.
748 3570 795 3617 b.
864 3567 1086 3630 Itemque
1108 3584 1163 3626 s.‚
1202 3570 1314 3617 sed:
1366 3573 1555 3617 serenis.
1578 3584 1626 3631 g.
1658 3577 1823 3616 autem
1843 3575 2001 3616 totum
2018 3583 2139 3616 vers.
2161 3583 2248 3630 pro
2270 3568 2435 3616 subdi-

453 3633 566 3680 ticio
599 3633 784 3690 habuit,
822 3633 937 3695 quia
959 3633 1016 3681 de
1049 3634 1272 3681 Geminis
1307 3634 1468 3696 inepte
1491 3634 1648 3682 denuo
1670 3634 1815 3681 verba
1844 3633 2015 3681 fecisse
2036 3632 2430 3695 interpolatorem

451 3699 664 3759 putabat.
734 3697 783 3745 N
786 3713 881 3746 unc
903 3705 1101 3761 apparet
1126 3715 1184 3746 ex
1208 3699 1274 3746 A.
1306 3714 1392 3762 per
1411 3699 1600 3746 foedum
1631 3712 1841 3746 errorem
1877 3697 1957 3746 hic
1997 3697 2295 3745 introductos
2328 3712 2434 3745 esse

453 3763 886 3811 Geminos.--OR.

521 3829 628 3876 151.
665 3827 996 3890 Spictjferaeque
1030 3843 1175 3876 nwnu
1207 3828 1417 3876 tendenti
1455 3827 1603 3876 libera
1637 3832 1759 3876 nutu
1801 3826 2036 3875 Dissentit
2074 3823 2193 3873 divoe
2210 3841 2227 3872 .·
2258 3824 2344 3872 sed
2375 3832 2430 3872 ut

453 3891 566 3950 haee,
598 3891 702 3956 ‹sn-J
738 3892 920 3940 Nullus
941 3908 1128 3952 sensus,
1161 3900 1209 3940 et
1245 3894 1441 3955 signum
1476 3893 1633 3940 Librae
1666 3892 1917 3950 omissum,
1955 3891 2007 3938 ni
2048 3889 2353 3952 transpositis
2387 3896 2437 3938 et

451 3958 652 4005 mutatis
690 3957 890 4020 paulum
926 3956 1078 4005 literis
1116 3957 1264 4020 legas,
1298 3957 1631 4021 SpiezJeroeque
1672 3971 1820 4004 mnu
1856 3954 2065 4004 tendenti
2101 3954 2268 4002 nubila
2302 3953 2433 4003 libre

453 4023 693 4070 Dissentit
717 4021 872 4070 Divoe.
939 4023 1168 4085 Spicifera
1190 4023 1298 4071 Dea
1321 4031 1394 4071 est
1415 4023 1582 4083 Virgo,
1606 4037 1752 4084 quam
1777 4021 2003 4069 Cererem
2023 4019 2246 4068 nonnulli
2264 4020 2433 4067 volue-

453 4095 583 4146 runt,
615 4095 672 4136 ut
717 4087 947 4151 Hyginus
981 4095 1195 4146 annotat,
1240 4089 1300 4137 ab
1342 4088 1432 4136 hac
1477 4087 1701 4136 dissentit
1738 4087 1901 4136 Libra.
1968 4085 2063 4134 Illa
2096 4100 2247 4134 manu
2278 4085 2435 4133 tendit
