2992 4842
1306 573 1616 619 senona,
2371 553 2458 618 65

467 735 614 797 quae
644 723 795 778 ante
824 712 941 777 hos
971 713 1107 777 dies
1140 722 1311 791 sunt,
1347 713 1481 778 IX.
1508 713 1624 780 cal.
1645 711 1844 778 Mart.
1867 711 2280 796 degustandis
2296 711 2459 777 vinis

465 800 788 876 instituta,
819 799 982 863 nihil
1003 799 1082 862 ad
1102 799 1349 863 fructus
1367 800 1668 874 attinent,
1709 821 1828 862 nec
1863 821 2012 882 quae
2047 797 2254 862 adhuc
2292 796 2461 862 dixi-

465 907 631 960 muS,
664 885 745 947 ad
774 884 935 948 vites
964 885 1289 969 oleasque,
1340 885 1644 970 quoniam
1693 906 1911 946 earum
1953 894 2296 968 conceptus
2344 905 2460 947 ex-

467 980 617 1043 ortu
640 969 1073 1052 Vergiliarum
1097 970 1348 1054 incipit,
1380 971 1460 1034 ad
1484 981 1744 1033 sextum
1768 969 1924 1033 Idus
1944 968 2128 1047 Maii,
2149 981 2223 1032 ut
2242 969 2459 1032 docui-

467 1076 631 1119 mus,
723 1055 925 1119 Aliud
952 1056 1072 1118 hoc
1104 1055 1522 1139 quatriduum
1555 1065 1676 1132 est,
1710 1055 1882 1139 quod
1909 1076 2120 1140 neque
2153 1077 2295 1118 rore
2325 1076 2458 1118 sor-

387 1199 391 1203 .
470 1141 619 1204 dere
650 1141 883 1218 velint3
931 1141 1281 1204 exhorrent
1312 1141 1483 1204 enim
1523 1140 1827 1223 frigidum
1857 1140 2030 1203 sidus
2060 1140 2318 1204 Arcturi
2346 1163 2462 1224 po-

469 1226 690 1289 stridie
750 1226 1064 1303 occidens,
1126 1237 1194 1289 et
1236 1225 1656 1290 multominus
1684 1225 2116 1310 plenilunium
2158 1225 2460 1291 incidere.

472 1310 724 1376 Quarto
746 1333 948 1376 nonas
972 1311 1014 1374 J
1016 1312 1199 1375 unias
1221 1311 1458 1375 iterum
1484 1310 1727 1396 Aquila
1755 1312 2045 1375 exoritur
2067 1311 2333 1395 vesperi,
2355 1310 2464 1375 de-

470 1397 739 1460 cretorio
788 1397 891 1460 die
944 1397 1319 1461 florentibus
1349 1397 1504 1460 oleis
1533 1397 1922 1480 vitibusque,
1953 1397 2006 1460 si
2037 1395 2464 1480 plenilunium
2513 1443 2518 1446 -

467 1482 707 1546 incidat
731 1483 799 1544 in
832 1505 1001 1561 eum,
1030 1483 1329 1567 equidem
1361 1492 1427 1546 et
1456 1481 1805 1546 solstitium
1834 1493 2054 1546 octavo
2085 1481 2202 1546 cal.
2236 1481 2278 1544 J
2281 1482 2464 1546 unias

468 1567 540 1630 in
570 1567 758 1631 simili
786 1589 935 1631 casu
965 1568 1241 1631 dixerim
1273 1578 1338 1631 et
1364 1566 1562 1632 Canis
1581 1580 1792 1631 ortum
1817 1578 1964 1652 post
1981 1567 2113 1631 dies
2132 1590 2170 1631 a
2191 1566 2462 1632 solstitio

471 1652 763 1717 XXIII.
799 1654 911 1717 sed
928 1653 1276 1717 interlunio
1290 1654 1640 1730 accidente,
1655 1654 1959 1738 quoniam
1969 1675 2200 1737 vapore
2211 1663 2464 1718 constat

470 1738 680 1822 culpa,
715 1739 1009 1823 acinique
1028 1749 1536 1825 praecoquuntur
1555 1740 1625 1801 in
1643 1739 1894 1803 callum.
1987 1738 2240 1803 Rursus
2257 1736 2465 1822 pleni-

468 1823 720 1887 lunium
769 1835 960 1888 nocet
990 1825 1069 1888 ad
1099 1835 1401 1910 quartum
1450 1847 1650 1887 nonas
1696 1824 1738 1887 J
1740 1825 1919 1901 uliaS,
1970 1847 2118 1887 cum
2169 1825 2461 1907 AEgypto

471 1908 783 1975 Canicula
812 1911 1121 1986 exoritur,
1152 1910 1253 1973 vel
1282 1919 1454 1973 certe
1483 1907 1684 1974 XVI.
1719 1910 1834 1972 cal.
1877 1910 2042 1993 Aug.
2077 1931 2224 1973 cum
2249 1909 2460 1972 Italiae

467 1995 625 2058 item
641 2006 871 2079 quarto
890 1996 1003 2061 cal.
1029 1995 1201 2078 Aug.
1226 2018 1373 2059 cum
1397 1995 1642 2078 Aquila
1663 1995 1893 2058 occidit
1910 2017 2117 2081 usque
2143 1995 2210 2058 in
2235 1993 2457 2061 X.cal.

470 2081 753 2165 ejusdem
763 2128 778 2144 .
869 2080 1083 2144 Extra
1098 2081 1211 2144 has
1224 2103 1440 2144 causas
1451 2092 1605 2144 sunt
1616 2079 1875 2144 Vinalia
1888 2080 2086 2144 altera
2101 2103 2246 2164 quae
2258 2102 2460 2167 agun-

465 2177 577 2229 tur
606 2165 820 2232 XIII.
853 2166 968 2231 cal.
1004 2165 1333 2250 Septemb.
1361 2177 1427 2229 et
1458 2165 1688 2242 Varm,
1723 2191 1762 2229 a
1791 2164 2080 2230 Fidicula
2105 2167 2454 2250 incipiente

466 2252 750 2316 occidere
782 2273 969 2315 mane
1002 2251 1419 2315 determinat:
1469 2251 1644 2336 quod
1681 2251 1819 2314 vult
1859 2251 2117 2314 initium
2159 2252 2456 2316 autumni

467 2359 605 2401 esse
638 2348 703 2402 et
723 2337 895 2400 hunc
913 2336 1082 2400 diem
1100 2337 1333 2400 festum
1354 2337 1842 2421 tempestatibus
1863 2337 2177 2401 leniendis
2200 2361 2334 2401 esse
2356 2338 2457 2401 in-

465 2423 787 2488 stitutum.
877 2421 1070 2486 Nunc
1094 2421 1445 2486 Fidiculam
1464 2423 1744 2486 occidere
1763 2433 1950 2486 sexto
1970 2423 2129 2487 Idus
2152 2423 2328 2507 Aug.
2346 2424 2456 2487 ob-

464 2519 774 2573 servatur.
863 2507 1049 2571 Intra
1086 2506 1225 2571 haec
1254 2518 1506 2572 constat
1535 2507 1804 2571 caelestis
1853 2508 2192 2586 sterilitas3
2241 2531 2452 2593 neque

464 2593 828 2678 negaverim
854 2615 1039 2678 posse
1068 2616 1209 2657 eam
1237 2594 1590 2678 permutari
1621 2592 1882 2657 arbitrio
1911 2593 2264 2678 legentium
2285 2593 2454 2658 loco-

462 2701 609 2743 rum
640 2679 1096 2743 aestimantium
1128 2689 1408 2754 naturaS,
1442 2679 1554 2742 sed
1581 2701 1620 2742 a
1648 2678 1832 2742 nobis
1853 2680 2166 2743 rationem
2189 2702 2326 2743 esse
2345 2679 2454 2743 de-

461 2774 884 2829 monstratam
939 2765 1091 2828 satis
1150 2774 1286 2840 est3
1339 2763 1588 2848 reliqua
1646 2765 2082 2828 observatione
2141 2769 2452 2850 cujusque

462 2851 869 2915 constabunt.
917 2849 1324 2914 Alterutrum
1342 2849 1601 2934 quidem
1616 2848 1751 2912 fore
1762 2850 1832 2912 in
1843 2872 2054 2926 causa,
2069 2849 2187 2914 hoc
2207 2860 2303 2914 est
2315 2851 2452 2936 ple-

461 2936 805 3012 nilunium,
837 2945 949 2998 aut
978 2934 1422 3011 interlunium,
1454 2956 1586 2998 non
1611 2935 1733 2999 erit
1763 2935 2052 3012 dubium,
2103 2945 2171 2999 et
2211 2936 2283 2998 in
2330 2937 2451 3000 hoc

461 3020 821 3084 mirabilem
850 3020 1146 3084 admirari
1176 3020 1635 3103 benignitatem
1671 3018 1738 3084 N
1739 3030 1942 3084 aturae
1973 3021 2446 3100 succurritiam3

460 3106 739 3190 primum
756 3107 921 3170 hanc
949 3106 1246 3190 injuriam
1278 3105 1574 3169 omnibus
1597 3106 1779 3170 annis
1797 3106 2076 3170 accidere
2094 3129 2224 3170 non
2240 3129 2448 3190 posse,

460 3203 723 3276 propter
771 3201 969 3254 statos
1016 3191 1295 3254 siderum
1335 3212 1579 3271 cursuS,
1606 3213 1725 3254 1100
1755 3192 1880 3255 nisi
1907 3192 2125 3274 paucis
2153 3193 2448 3256 noctibus

460 3278 648 3343 anni:
693 3277 889 3362 idque
937 3277 1194 3362 quando
1240 3276 1323 3340 sit
1350 3276 1644 3340 futurum
1683 3276 1865 3340 facile
1894 3277 2088 3353 nosci,
2122 3301 2192 3341 ac
2222 3300 2304 3341 ne
2335 3301 2450 3363 per

461 3384 680 3426 omnes
728 3385 977 3426 menses
1030 3363 1386 3442 timeretur,
1436 3384 1655 3425 earum
1704 3383 1960 3447 quoque
1989 3362 2130 3446 lege
2177 3363 2450 3427 divisum

460 3459 687 3512 aestate
716 3447 1086 3524 interlunia,
1118 3457 1354 3531 praeter
1383 3469 1576 3533 quam
1606 3447 1804 3512 biduo
1835 3470 2056 3512 secura
2079 3471 2213 3512 esse
2237 3449 2447 3513 hieme

457 3533 829 3617 plenilunia,
848 3555 966 3596 nec
984 3532 1107 3596 nisi
1125 3533 1359 3596 aestivis
1378 3533 1890 3617 brevissimisque
1909 3535 2202 3597 noctibus
2219 3535 2444 3612 metui,

458 3641 587 3682 non
619 3619 845 3682 diebus
873 3619 1031 3681 item
1060 3618 1288 3682 valere.
1380 3617 1708 3682 Praeterea
1746 3630 1878 3683 tam
1924 3619 2106 3682 facile
2146 3619 2440 3703 intelligi,

458 3714 534 3767 ut
561 3703 823 3767 formica
866 3703 1201 3766 minimum
1230 3703 1463 3768 animal
1492 3704 1842 3768 interlunio
1892 3705 2194 3788 quiescat,
2242 3704 2448 3788 pleni-

456 3788 633 3852 lunio
664 3799 733 3852 et
762 3789 955 3852 etiam
982 3789 1281 3853 noctibus
1304 3799 1628 3873 operetur.
1720 3790 1925 3854 Avem
1950 3789 2179 3853 Param
2198 3791 2446 3854 oriente

459 3874 627 3938 Sirio
672 3874 812 3958 ipso
860 3873 963 3938 die
1009 3897 1140 3938 non
1188 3896 1515 3958 apparere,
1566 3875 1766 3939 donec
1811 3875 2076 3956 occidat,
2120 3897 2156 3938 0
2201 3875 2444 3940 diverso

454 3958 790 4023 Virionem
820 3959 1076 4044 prodire
1105 3959 1243 4044 ipso
1278 3959 1549 4025 Solstitii
1579 3961 1701 4024 die.
1795 3959 2117 4024 Neutrum
2138 3983 2285 4026 vero
2312 3960 2446 4024 Lu-

454 4067 557 4109 nae
588 4054 829 4110 statum
858 4045 1129 4110 noxium
1152 4068 1311 4125 esse,
1330 4068 1412 4110 ne
1431 4046 1729 4112 noctibus
1753 4046 2012 4132 quidem
2033 4046 2442 4171 nisiKsereniS,
