2992 4842
1093 588 1160 621 AD
1189 585 1546 623 PRAENOMENA
1572 587 1805 622 Anum.
2312 575 2446 623 xxvii

518 713 626 759 231.
665 712 756 758 Sed
809 711 1104 775 quaerendus]
1161 713 1288 761 male
1335 712 1443 761 MS.
1487 713 2449 777 quoerendum.—Gn.—SCH.——quoe-

447 778 643 824 rendum
680 776 796 824 EG.
834 777 1006 839 (Ibid.)
1042 793 1172 827 zonoe
1192 795 1216 825 e
1237 778 1442 840 reyione]
1483 780 1563 825 Sic
1600 780 1707 825 dedi
1745 780 1803 825 de
1837 794 1885 840 g.
1924 780 2049 841 conj.
2084 794 2203 826 zona
2240 782 2449 841 eriqione

449 840 562 900 (sic)
587 845 641 888 A.
677 857 810 889 zonoe
836 844 1020 903 req-ione
1043 842 1160 890 EG.
1191 859 1318 890 zona:
1339 846 1523 891 ratione
1545 843 1643 904 (F.)
1667 843 1989 905 Pgsb.-÷-0R..

516 908 625 953 232.
662 905 988 968 Anda-amedee]
1044 907 1172 955 male
1215 908 1350 955 deest
1391 908 1472 955 hic
1516 923 1683 955 versus
1727 908 1778 955 in
1810 908 2211 969 vulgatis.—Gn.
2297 907 2449 957 Zona:

447 970 656 1031 ratione]
679 971 800 1018 forte
819 989 831 1018 ε
870 971 1024 1019 Zonae
1039 972 1720 1034 ereyione.—SCH.-—erit
1742 972 1804 1019 A.
1829 972 2001 1035 (Ibid.)
2024 971 2220 1035 summi]
2246 972 2449 1035 EGgsb.

447 1034 593 1082 medii
616 1035 724 1082 AF.
761 1035 958 1083 Omittit
977 1036 1110 1085 hunc
1131 1053 1175 1085 v.
1199 1037 1438 1085 P.—OR.

514 1100 625 1146 233.
666 1099 734 1147 Ut
766 1101 905 1148 chelae
939 1100 1166 1162 candens]
1204 1101 1312 1149 MS.
1338 1102 1500 1156 habet,
1546 1100 1613 1149 Ut
1634 1101 1773 1149 chelae
1806 1102 2005 1151 candent
2026 1107 2081 1149 ut
2100 1101 2311 1149 baltheus
2336 1103 2447 1150 On·-

448 1166 568 1210 om's.
654 1164 883 1226 Vulgati:
932 1164 998 1214 Ut
1033 1166 1170 1214 chelae
1211 1167 1428 1224 candens,
1470 1172 1558 1213 aut
1598 1166 1811 1214 baltheus
1859 1168 2059 1214 On‘onis.
2147 1167 2320 1228 Itaque
2363 1174 2451 1215 aut

447 1227 648 1289 vulgata
684 1228 891 1277 lectione
925 1238 1126 1288 retenta,
1163 1231 1408 1278 distinctio
1429 1231 1690 1278 mutandaz
1727 1231 1801 1279 uti
1828 1246 1916 1278 nos
1937 1232 2158 1288 fecimus,
2180 1243 2265 1278 aut
2284 1230 2448 1292 legen-

447 1291 567 1339 dum
604 1299 659 1339 ut
695 1294 822 1341 chele
862 1296 1079 1354 candem,
1121 1311 1238 1343 nam
1279 1296 1429 1343 etiam
1471 1296 1707 1357 singulari
1748 1310 1952 1343 numero
1998 1295 2177 1357 χηλὴν
2224 1296 2445 1344 dicimus.

450 1356 674 1405 Secundo
701 1358 810 1405 loco
830 1367 1062 1407 utrumne
1083 1366 1183 1416 aut,
1207 1376 1265 1407 an
1288 1368 1341 1407 ut
1360 1360 1509 1422 legas,
1531 1376 1704 1423 parum
1724 1360 2055 1408 refert—Gn.
2125 1360 2449 1409 Germanicus

445 1435 544 1468 non
568 1423 691 1469 bene
713 1424 950 1485 expressit
969 1430 1184 1471 mentem
1210 1426 1358 1485 Arati,
1387 1426 1473 1487 qui
1493 1426 1724 1486 quoniam
1746 1433 1985 1472 extremas
2008 1424 2171 1472 chelas
2195 1432 2447 1483 memorat,

444 1486 603 1547 magis
638 1487 849 1535 declarat
883 1488 1330 1550 cogitata.—SCH.
1467 1490 1548 1537 Sic
1584 1490 1768 1551 scripsi.
1806 1491 2008 1537 candens
2027 1495 2112 1535 aut
2136 1489 2179 1537 b.
2206 1490 2447 1551 AFPgsb.

447 1551 647 1599 candent
669 1558 724 1599 ut
745 1552 789 1599 b.
814 1553 1109 1601 EG.—OR.

511 1617 624 1663 234.
659 1615 813 1679 motu]
849 1617 1048 1679 Vulgati
1081 1622 1229 1679 siqua,
1265 1618 1395 1680 quod
1416 1634 1515 1665 non
1535 1618 1772 1680 improbo.
1841 1617 2003 1665 Locus
2028 1624 2191 1665 autem
2214 1617 2295 1665 hic
2318 1618 2445 1665 diffi-

445 1678 552 1727 cilis
599 1688 672 1727 est
714 1682 982 1730 intellectu.
1051 1683 1162 1730 Hoc
1203 1683 1334 1730 enim
1379 1684 1540 1731 dicere
1582 1682 1706 1730 velle
1749 1683 1964 1737 videtur:
2004 1683 2052 1729 N
2057 1698 2119 1730 on
2155 1689 2347 1729 tantum
2382 1698 2446 1731 ex

446 1744 585 1793 Zona
615 1746 957 1806 Andromedae,
997 1755 1081 1794 aut
1105 1747 1289 1805 Chelis,
1325 1754 1374 1795 et
1395 1747 1593 1805 Orione,
1616 1747 1701 1794 sed
1724 1754 1772 1795 et
1794 1763 1855 1794 ex
1876 1748 2014 1808 signo
2049 1748 2295 1809 aliquanto
2333 1763 2444 1810 pro-

444 1809 602 1869 priore
625 1809 769 1857 illum
796 1811 1019 1873 (arietem
1043 1811 1289 1873 videlicet)
1307 1828 1448 1874 posse
1469 1812 1709 1873 cognosci.
1779 1812 1942 1861 Quare
1964 1819 2104 1874 putet
2124 1814 2247 1859 forte
2269 1812 2445 1874 aliquis

447 1873 798 1922 Germanicum
834 1877 1090 1938 propiored
1132 1892 1239 1924 eum
1289 1878 1320 1924 d
1353 1878 1606 1938 interjecta
1649 1876 1843 1933 dixisse,
1889 1877 1962 1924 uti
2004 1877 2209 1924 Plautus
2253 1884 2302 1924 et
2342 1878 2441 1938 alii,

442 1937 676 2001 Mederya
698 1947 748 1987 et
775 1940 992 2003 Tederqa
1025 1940 1324 1989 extulerunt.
1391 1942 1486 1989 Sed
1509 1942 1600 1988 hoc
1622 1941 1769 1988 nimis
1792 1941 2079 1989 obsoletum.
2147 1942 2294 1988 Dicat
2316 1941 2442 1993 alius

448 2002 631 2062 (lv-ium,
668 2006 796 2066 quod
827 2021 986 2067 graece
1008 2006 1210 2053 arietem
1232 2013 1387 2063 sonat,
1407 2006 1685 2068 legendum.
1741 2000 1850 2053 ‘Sed
1871 2007 1976 2067 ejus
1998 2006 2129 2053 vocis
2152 2006 2310 2068 prima
2330 2022 2442 2067 pro-

443 2066 652 2117 ducitur.
720 2069 893 2131 Itaque
932 2086 1128 2118 necesse
1164 2076 1252 2128 est,
1292 2070 1545 2118 Platonico
1582 2086 1734 2128 more,
1770 2070 1879 2117 deos
1916 2071 2222 2133 interpretari
2261 2071 2442 2129 stellas,

443 2146 539 2193 qua
562 2134 746 2181 ratione
767 2135 928 2197 potuit
950 2142 999 2182 et
1019 2150 1165 2197 supra
1200 2136 1418 2197 aurigam
1441 2144 1490 2183 et
1514 2144 1707 2183 taurum
1744 2135 1873 2182 divos
1910 2136 2108 2184 dixisse.
2175 2139 2273 2182 Aut
2306 2136 2443 2183 deum

440 2196 748 2259 interpretari
787 2200 1001 2257 arietem,
1043 2200 1159 2261 quia
1193 2208 1295 2247 erat
1333 2200 1554 2262 Neptuni
1589 2200 1735 2257 filius,
1770 2200 1895 2246 utin
1919 2200 2095 2247 fabulis
2128 2200 2355 2262 legimus,
2388 2209 2444 2249 ut

442 2261 814 2323 Erichthonius,
859 2279 1004 2325 quem
1048 2265 1214 2312 divum
1259 2266 1511 2312 nominare
1554 2265 1747 2312 videtur
1792 2264 2228 2312 Palladius—GR.
2296 2265 2345 2312 Si
2382 2266 2444 2313 ad

441 2324 583 2373 Arati
626 2328 770 2375 verba
813 2329 1176 2385 attenderimus,
1221 2329 1411 2377 videtur
1453 2330 1700 2391 scripsisse
1748 2329 2105 2377 Germanicus:
2155 2328 2250 2378 Est
2296 2332 2443 2378 etiam

440 2388 790 2439 Andromedam
815 2399 1012 2455 propter
1031 2408 1298 2455 coynoscere
1333 2398 1535 2457 siynum.
1603 2394 1687 2441 Sin
1712 2394 1821 2441 MS.
1849 2394 2008 2441 Grotii
2031 2395 2438 2456 spectaverimus:

439 2456 666 2503 videntur
687 2457 829 2504 verba
849 2458 919 2505 ita
941 2458 1247 2520 refingenda:
1283 2458 1377 2507 Est
1399 2462 1544 2506 etiam
1570 2462 1821 2521 proprIore
1842 2459 1977 2505 deam
2011 2474 2278 2521 coquoscere
2298 2466 2440 2517 meta,

441 2520 645 2567 Deltoto.
717 2522 914 2570 Scilicet
948 2523 1088 2570 Meta
1124 2524 1322 2585 ponitur
1358 2523 1605 2571 interdum
1640 2523 1788 2571 etiam
1826 2538 1913 2585 pro
1950 2524 2073 2581 loco,
2114 2524 2241 2571 unde
2264 2523 2440 2585 aliquis

437 2586 689 2645 procurrit.
758 2585 898 2634 Ovid.
934 2587 1016 2635 lib.
1053 2588 1159 2636 III.
1200 2588 1403 2636 Metam.
1437 2604 1483 2635 v.
1513 2590 1636 2635 145:
1671 2588 1877 2650 Jamque
1912 2588 2021 2636 ‘dies
2064 2588 2242 2636 medias
2281 2604 2441 2637 rerum

437 2654 740 2699 contraxerat
781 2651 987 2711 umbras,
1029 2652 1100 2699 Et
1129 2654 1202 2701 sol
1237 2668 1294 2699 ex
1327 2668 1456 2715 ‹equo
1500 2658 1624 2699 meta
1666 2652 1877 2701 distabat
1916 2657 2133 2715 utraque.
2201 2653 2441 2701 Fortassis

436 2712 588 2773 igitur
609 2715 688 2761 hic
712 2731 905 2778 quoque
925 2717 1218 2779 principium
1243 2717 1564 2779 cognoscendi
1589 2722 1714 2764 meta
1735 2716 2021 2780 appellatur,
2058 2717 2173 2779 quia.
2204 2724 2278 2765 est
2301 2719 2441 2779 quasi

434 2776 572 2825 locus
614 2787 774 2837 notus,
811 2797 873 2828 ex
893 2796 989 2843 quo
1012 2782 1072 2829 ad
1096 2782 1387 2842 ignotiorem
1423 2782 1813 2843 cognoscendum
1846 2781 1903 2829 fit
1930 2782 2437 2844 progressio.—SCH.

570 2843 729 2907 siquo]
768 2845 962 2893 AFPsb.
993 2852 1124 2893 motu
1147 2847 1291 2907 EGg.
1325 2852 1450 2893 meta
1473 2862 1513 2892 s.
1540 2846 1839 2908 susp.—OR.

504 2909 615 2955 235.
651 2908 872 2971 Deltoto]
910 2910 988 2957 Ita
1011 2912 1290 2973 ponendum
1313 2910 1421 2967 fuit,
1451 2926 1513 2957 ne
1538 2911 1703 2958 Caesar
1725 2918 1889 2957 noster
1922 2926 2082 2958 caecus
2119 2910 2269 2959 fuisse
2306 2911 2440 2959 vide-

439 2978 589 3019 retur.
657 2974 888 3022 Deltoton
919 2976 1040 3022 ratio
1071 2976 1309 3037 repudiat.
1374 2975 1495 3022 Abit
1528 2975 1679 3036 igitur
1699 2976 1759 3023 ab
1782 2978 1926 3023 Arato
1950 2976 2150 3037 paulum
2173 2975 2437 3037 Interpres,

439 3050 588 3095 quem
627 3038 824 3100 ingenio
867 3040 948 3086 hic
993 3040 1184 3086 vincere
1230 3040 1440 3087 voluisse
1482 3039 1689 3087 videtur.
1758 3040 1944 3097 Strabo,
1967 3040 2049 3087 lib.
2074 3040 2184 3088 XV.
2220 3056 2265 3101 p.
2295 3042 2435 3099 1026,

437 3100 712 3163 pariterque
750 3105 1024 3166 Stephanus
1065 3105 1122 3151 de
1149 3104 1268 3151 Urb.
1309 3103 1455 3151 Delta
1477 3104 1687 3165 appellat
1722 3104 1950 3157 insulam,
1990 3106 2119 3152 unde
2158 3105 2273 3152 huic
2308 3113 2435 3153 astro

436 3179 614 3212 nomen
638 3175 728 3216 est.
797 3172 988 3217 Donum
1010 3169 1096 3216 hoe
1115 3169 1364 3231 spectabile
1389 3168 1519 3230 Nili]
1547 3170 1772 3216 Deltoton
1792 3168 2037 3231 AEgyptus
2054 3176 2141 3229 est,
2159 3177 2215 3216 ut
2228 3170 2437 3231 explicat

435 3229 730 3292 Anonymus
777 3234 1072 3291 Germanici,
1127 3242 1178 3281 ut
1217 3250 1331 3281 eum
1375 3233 1636 3296 appellant,
1680 3241 2046 3290 commentator,
2092 3242 2141 3281 et.
2187 3233 2433 3296 Hyginus.

435 3292 682 3357 AEgyptus
717 3306 884 3346 autem
924 3298 1030 3345 Nili
1067 3297 1266 3345 donum.
1335 3298 1414 3345 Ita
1447 3298 1577 3345 enim
1615 3298 1867 3354 Manilius,
1891 3298 1977 3345 lib.
2002 3298 2091 3345 IV.
2125 3313 2169 3346 v.
2199 3298 2324 3349 774:
2360 3300 2437 3348 Et

433 3357 639 3421 Libyam
681 3362 979 3424 AEqyptique
1020 3364 1162 3419 latus,
1205 3364 1470 3425 donataque
1510 3377 1643 3412 rura.
1740 3364 1806 3409 Et
1840 3369 1952 3409 ante
1995 3379 2109 3410 eum
2157 3363 2435 3412 Herodotus

437 3425 673 3491 ποταμοῦ
710 3424 888 3489 δῶρον.
960 3427 1102 3474 Unde
1127 3427 1280 3488 liquet
1299 3443 1441 3474 versu
1467 3427 1617 3474 altero
1642 3432 1916 3489 generatum
1951 3443 2064 3475 cum
2102 3429 2433 3492 manuscripto

433 3490 715 3551 legendum.
786 3492 919 3539 Nam
953 3497 1236 3548 veneratum,
1285 3491 1413 3553 quod
1447 3492 1499 3538 in
1538 3491 1745 3553 vulgatis
1789 3499 1877 3549 est,
1927 3493 2111 3540 nullius
2153 3500 2227 3541 est
2268 3496 2430 3555 pretii.

436 3556 532 3602 Sed
554 3572 616 3604 an
638 3556 821 3604 notabit
843 3571 955 3603 cum
980 3556 1330 3619 Manuseripto,
1353 3571 1414 3603 an
1437 3571 1549 3603 vero
1584 3558 1768 3603 notarit
1803 3556 1953 3617 leges,
1989 3573 2163 3620 parum
2200 3559 2431 3607 refert.—

436 3620 684 3669 Gru—SC
694 3622 758 3669 H.
895 3622 1084 3668 Deltoto
1105 3621 1162 3667 de
1184 3636 1232 3681 g.
1255 3621 1382 3682 conj.
1405 3636 1445 3669 s.
1478 3622 1667 3668 domum
1691 3622 1936 3669 A.-0R.

498 3687 606 3734 236.
650 3684 954 3746 Gener-atum]
1006 3686 1207 3746 EGgsb.
1265 3691 1536 3733 zemratum
1581 3689 1637 3731 A.
1690 3693 1961 3733 ven-eratum
2005 3685 2103 3732 FP.
2158 3693 2430 3734 veneratum

432 3748 570 3797 Indis
593 3751 840 3798 Barthius.
877 3750 1050 3812 (Ibid.)
1086 3748 1293 3811 notabit]
1330 3750 1545 3811 AEGgs.
1576 3752 1757 3797 notavit
1780 3750 1835 3797 F.
1867 3753 2047 3797 notarit
2070 3749 2334 3799 Pb.—OR.

497 3815 606 3866 237.
643 3814 865 3877 AEquata
899 3812 1122 3875 duorum]
1159 3814 1286 3861 male
1318 3815 1426 3862 MS.
1451 3814 2175 3863 deorum.—GR.-SCH.—-
2189 3813 2302 3862 Tris
2323 3814 2429 3863 ΑΡ.

431 3880 594 3927 ductos
617 3884 674 3927 A.
709 3882 900 3927 deorum
927 3878 1216 3927 EG.—OR..

495 3946 609 3994 238.
644 3942 786 4006 Iyne]
823 3939 886 3992 Α.
920 3948 950 3971 “
965 3944 1138 3991 clarior
1159 3958 1246 3990 suo
1268 3942 1380 4004 igne
1403 3950 1477 3990 est
1498 3942 1577 3989 hic
1600 3942 1788 3990 brevior
1810 3942 2032 3990 ductus.'’
2066 3946 2191 4004 iynis
2215 3943 2422 3991 EGFP-

429 4010 570 4069 gsb.;
621 4009 750 4071 quod
795 4010 886 4056 etsi
933 4008 1126 4056 defendi
1163 4016 1337 4070 potest,
1390 4008 1536 4055 habet
1581 4013 1741 4054 tamen
1787 4008 1948 4054 nescio
1993 4023 2137 4069 quam
2184 4008 2423 4070 ambigui-

432 4080 651 4122 tatem-
665 4074 708 4121 O
720 4074 776 4121 R..
