2992 4842
1121 556 1407 594 PRAEFATIO
1432 556 1684 593 oanan.
2349 541 2412 592 xi

412 681 645 749 Halmae,
684 683 981 737 recensione
1017 682 1384 749 Schaubachii,
1418 683 1483 735 V.
1508 684 1572 736 C.
1646 681 1784 736 Haec
1821 689 2082 753 postrema
2116 690 2413 738 asservatur

410 755 468 805 in
493 753 823 807 Bibliotheca
842 753 1210 806 Universitafis
1232 753 1518 824 Lipsiensis
1539 761 1700 823 atque
1715 754 1929 806 omnino
1946 762 2155 824 propter
2175 754 2414 823 egregias

411 825 773 877 obscuriorum
809 824 1047 876 locorum
1078 823 1528 893 interpretationes
1565 824 1874 893 dignissima
1913 832 2007 890 est,
2053 841 2173 893 quae
2209 824 2411 894 publici

402 895 545 964 juris
585 894 693 948 fiat.
764 894 964 948 Verum
1002 901 1125 947 ante
1162 893 1257 946 hos
1279 901 1383 948 tres
1423 911 1590 947 annos
1613 910 1782 963 quum
1804 895 1864 946 in
1901 894 2168 948 Ciceronis
2206 895 2414 948 Arateis

409 965 876 1087 ¹{hermissudiipsius
916 963 1266 1088 Sfflaldboe‘hfi
1305 972 1359 1019 et
1373 964 1650 1088 hScblgaeferi
1688 982 1718 1018 e
1758 964 2058 1089 (ἰίιίκεῐὶετιεεὶιιιειίἑ
2098 965 2246 1088 ilht‘rizz
2281 981 2415 1018 cura.

472 1042 653 1088 ustran
712 1051 955 1088 soccua
1018 1053 1043 1088 s
1100 1051 1347 1087 omieam
1410 1052 1443 1088 a
1509 1052 1616 1088 rem
1671 1051 1778 1087 non
1817 1051 2122 1088 umnacus
2267 1051 2414 1088 meos

412 1103 551 1159 cdd.
587 1052 1040 1175 praestantisgimos
1062 1104 1127 1157 de
1167 1104 1481 1158 Germanico
1523 1075 1735 1175 quo’que
1764 1105 2052 1174 aliquando
2073 1104 2274 1159 edendo
2310 1105 2411 1158 mi-

411 1176 556 1228 nime
578 1177 875 1245 cogitabam
898 1191 994 1228 nec
1026 1174 1322 1244 quidquam
1342 1175 1467 1228 inde
1487 1182 1618 1229 tunc
1657 1176 1904 1245 temporis
1925 1176 2174 1245 excerpsi.
2245 1174 2410 1228 Nunc

412 1263 535 1298 vero
556 1263 619 1299 ea
641 1246 723 1299 uti
744 1262 841 1299 nec
862 1247 1011 1315 potui
1034 1262 1207 1314 neque
1228 1246 1405 1312 volui3
1441 1247 1652 1312 etenim,
1691 1247 1787 1300 etsi
1823 1245 1935 1298 Viri
1956 1246 2037 1298 illi
2057 1245 2416 1311 eruditissimi,

414 1333 524 1384 qua
545 1323 662 1369 tum
701 1315 921 1370 fuerunt
940 1316 997 1368 in
1029 1333 1116 1368 me
1153 1316 1494 1386 benignitate,
1517 1333 1633 1369 eam
1668 1333 1850 1370 rursus
1884 1333 2096 1369 mecum
2119 1316 2412 1369 communi-

411 1386 638 1452 cassent,
662 1386 999 1455 redemptoris
1019 1394 1199 1440 tamen
1220 1387 1445 1440 rationes
1472 1387 1690 1440 minime
1712 1402 1878 1457 passae
1917 1394 2104 1452 essent,
2125 1396 2188 1439 ut
2207 1387 2417 1456 integra

412 1473 448 1508 a
467 1473 554 1508 me
575 1455 847 1522 ederetur;
883 1463 951 1522 et,
972 1457 1029 1509 in
1051 1473 1111 1510 eo
1146 1458 1191 1510 si
1212 1457 1576 1523 substitissem,
1596 1464 1661 1512 ut
1681 1458 1880 1528 optima
1903 1473 2128 1526 quaeque
2149 1456 2272 1510 inde
2295 1457 2416 1510 seli-

412 1543 608 1650 gierem,
630 1543 889 1596 magnum
910 1526 968 1579 id
991 1528 1087 1580 tofi
1108 1528 1479 1581 commentario
1504 1527 1876 1581 detrimentum
1915 1527 2250 1597 postmodum
2271 1534 2416 1582 attu-

456 1613 647 1728 ssiguod
685 1674 866 1721 autem
886 1666 956 1718 ad
996 1667 1211 1721 Halmae
1246 1668 1520 1737 inceptum
1559 1667 1763 1733 attinet,
1799 1685 1868 1720 ex
1905 1668 2074 1720 amico
2114 1666 2414 1720 Hauthalio
2498 1669 2507 1676 '

413 1737 710 1791 sciscitatus
748 1754 887 1803 sum,
908 1754 975 1790 an
1019 1739 1186 1791 critici
1221 1736 1447 1808 praesidii
1467 1738 1549 1790 illi
1589 1737 1719 1807 quid
1756 1738 1862 1790 iam
1883 1738 2088 1790 inesset.
2162 1738 2409 1807 Inspecto

410 1808 564 1873 libro,
586 1820 753 1876 quem·
785 1807 969 1861 Turici
990 1824 1143 1860 nemo
1177 1808 1352 1873 habet,
1372 1803 1524 1861 illico'
1536 1825 1720 1877 respon
1759 1809 1802 1861 it
1821 1808 1911 1860 ille
1950 1823 2104 1876 aequo
2123 1809 2300 1860 animo
2321 1825 2408 1861 me

413 1895 476 1931 eo
499 1878 805 1944 cariturum,
827 1895 866 1930 u
958 1886 1010 1931 te
1040 1880 1135 1947 qui
1156 1879 1226 1931 ad
1247 1878 1449 1931 codices
1470 1885 1626 1931 antea
1645 1879 1663 1929 i
1741 1885 1852 1931 otos
1873 1885 2092 1932 exactus
2113 1893 2220 1930 non
2241 1886 2410 1943 esset3

413 1965 581 2002 unam
600 1954 778 2001 tamen
816 1951 887 2000 m'
928 1948 1115 2001 imisit
1146 1949 1562 2010 emendationem
1583 1949 1651 2000 ab
1666 1895 1879 2001 {palma
1916 1949 2282 2017 excogitatam,
2303 1949 2407 2002 uti-

416 2035 523 2087 que
563 2018 883 2089 probabilem
922 2017 989 2086 (v.
1022 2019 1162 2089 714.)
1204 2018 1279 2090 (ἢ
1339 2018 1642 2072 Schmidius
1682 2018 1813 2088 quid
1850 2019 2161 2088 praestiterit,
2195 2035 2406 2089 prorsus

413 2089 630 2171 ignoro3
664 2105 933 2172 nusquam
955 2090 1095 2172 enim
1126 2091 1243 2159 ejus
1262 2089 1535 2172 libellum,
1544 2088 1640 2142 etsi
1677 2089 1907 2142 studiose
1943 2089 2242 2158 quaesitum,
2263 2105 2407 2160 repe-

413 2166 702 2281 nr‘itfztdlrlo
723 2159 894 2282 1133?
895 2166 1406 2301 giospgssizeutr’nuffi
1415 2166 1960 2296 fflffiitoeaer‘manici
1979 2230 2297 2299 opusculum
2321 2229 2410 2282 de-

416 2316 525 2352 nuo
546 2299 616 2352 ad
653 2298 898 2352 codicum
936 2301 1301 2355 auctoritatem
1340 2316 1633 2354 revocarem
1667 2307 1723 2352 et
1759 2299 2108 2370 probabiliter,
2181 2307 2408 2353 uantum

414 2386 560 2422 nunc
598 2370 738 2435 licet,
777 2370 1139 2424 emendaremz
1175 2370 1439 2440 permulta
1466 2386 1591 2423 sane
1630 2387 1800 2440 quum
1829 2370 2066 2440 plurium
2101 2371 2146 2423 C
2186 2370 2256 2436 d.,
2292 2378 2410 2425 tum

414 2441 730 2509 conjecturae
752 2457 851 2510 ope
872 2441 929 2493 in
950 2448 1062 2494 tam
1101 2440 1379 2511 depravato
1400 2442 1642 2511 poemate
1663 2441 1886 2510 corriget
1912 2441 2199 2511 posteritas.

490 2537 791 2603 (Hactenus
810 2536 1039 2592 Orellius
1056 2539 1117 2591 de
1132 2557 1223 2592 mo
1245 2559 1264 2592 .·
1290 2537 1426 2608 quod
1437 2536 1683 2607 sequitur,
1698 2555 1762 2590 ex
1785 2536 1961 2590 Grotii
1970 2535 2276 2608 proesatione
2287 2544 2372 2588 est.
2378 2537 2412 2604 )

879 2930 959 2983 II.
1008 2927 1411 2984 PRAEFATIO
1436 2927 1952 2982 SCHWARTZII.

489 3099 893 3152 GERMAmcuM
917 3102 1179 3155 Coesarem
1200 3100 1297 3154 fibi
1320 3099 1404 3166 do,
1427 3099 1616 3154 Lector
1635 3099 1899 3165 benevole,
1923 3098 2132 3153 diutina
2151 3117 2282 3152 cura
2301 3117 2418 3183 per-
2488 3119 2496 3128 ·

416 3170 643 3241 politum
665 3178 719 3224 et
754 3172 1119 3241 praestantium
1139 3171 1371 3223 virorum
1407 3172 1544 3224 notis
1564 3169 1904 3223 illustratum.
1977 3169 2244 3240 Indignus
2273 3188 2416 3224 visus

414 3248 497 3294 oet
533 3240 891 3294 nobilissimus
914 3243 1145 3310 scriptor,
1168 3242 1262 3309 qui
1285 3241 1428 3294 ultra
1449 3241 1620 3294 CXV.
1645 3257 1849 3293 annum
1872 3241 1929 3292 in
1952 3240 2277 3294 bibliothecis
2298 3241 2416 3294 lati-

416 3314 603 3379 taret.†
672 3310 816 3364 Nam
838 3318 1181 3380 posteaquam
1202 3328 1326 3364 eum
1367 3311 1585 3364 Grotius
1622 3312 1684 3363 A.
1704 3309 1849 3378 010.
1892 3310 2037 3380 100.
2061 3309 2241 3378 edidit,
2262 3327 2418 3364 nemo

414 3381 535 3447 fuit,
559 3382 653 3450 qui
689 3381 851 3434 situm
890 3383 1226 3450 abstergeret,
1248 3387 1301 3434 et
1322 3389 1630 3434 ornamenta
1671 3381 1917 3450 quaedam
1957 3380 2183 3434 adderet.
2257 3381 2418 3444 Quod

417 3458 706 3520 utrumque
726 3459 904 3505 tamen
928 3451 983 3504 in
1044 3451 1223 3504 reclivi
1245 3458 1369 3504 erat.
1441 3451 1587 3503 Nam
1610 3458 1663 3504 et
1695 3453 1890 3504 Aratus
1913 3451 2007 3504 dili
2074 3458 2190 3505 nter
2208 3469 2418 3522 compa—

416 3529 563 3574 ratus
584 3522 725 3574 viam
747 3522 817 3574 ad
847 3469 1265 3574 emendationem
1304 3521 1608 3575 Germanici
1647 3522 1838 3586 munit,
1859 3529 1913 3575 et
1933 3538 2013 3575 coe
2035 3539 2128 3574 um
2151 3524 2344 3592 ipsum,
2365 3528 2419 3576 et

415 3599 653 3645 veterum
710 3593 1022 3662 scriptorum
1070 3592 1382 3644 testimonia.
1456 3591 1784 3661 Quanquam
1835 3593 1975 3644 enim
2031 3608 2418 3661 nonnunquam

414 3662 615 3714 Auctor
635 3669 810 3714 noster
830 3663 898 3714 ab
919 3663 1079 3715 Arato
1102 3662 1353 3716 discedit:
1390 3668 1568 3716 tamen
1590 3663 1646 3714 in
1668 3663 1931 3732 plerisque
1945 3679 2070 3715 cum
2084 3679 2146 3715 eo
2159 3663 2420 3732 congruit,

406 3733 706 3802 'praesertim
745 3749 871 3785 cum
910 3733 1107 3786 coelum
1144 3732 1457 3786 concordare
1486 3733 1658 3802 jubet.
1733 3732 1990 3786 Praeterea
2026 3749 2153 3786 cum
2191 3731 2420 3785 eximius

464 3851 775 3891 *Haeosoilioet
789 3851 888 3891 dicit
910 3851 1054 3901 editor,
1069 3851 1138 3890 cui
1162 3851 1300 3891 aditus
1325 3851 1554 3900 patebatad
1581 3851 1754 3901 Regiam
1776 3850 2088 3890 bibliothecam:
2113 3860 2205 3900 pag.
2226 3849 2338 3889 101.:
2365 3848 2423 3888 Je

413 3912 476 3940 ne
488 3902 579 3940 suis
622 3900 892 3940 &ner-almeri:
915 3901 1123 3950 conforme
1138 3913 1225 3939 aaa:
1248 3901 1498 3940 corrections
1523 3901 1572 3938 de
1599 3901 1769 3939 Grotius
1784 3900 1890 3940 dans
1905 3912 1967 3939 ⁸oe
1990 3902 2136 3940 Aratea
2149 3900 2227 3937 eta
2241 3900 2356 3938 celles
2371 3899 2423 3938 de

413 3951 574 3990 Boane
604 3951 680 4002 sic)
694 3962 791 3990 avec
806 3952 996 4003 quelques
1014 3951 1285 3991 restrictiom.
1336 3952 1389 3991 Id
1404 3955 1480 4000 est,
1492 3953 1521 3973 ‘⁸
1531 3950 1648 3990 Nihil
1662 3962 1736 4002 ego
1761 3951 1856 3991 feci:
1876 3951 2002 3991 etiam
2019 3949 2119 3990 eod.
2133 3949 2311 4000 Regium
2325 3960 2424 4000 neg·

410 4001 656 4090 le÷theombr-
669 4062 762 4100 quae
780 4049 967 4100 deinceps
983 4050 1179 4090 dicemus.
