2992 4842
566 572 699 628 xviii
1271 585 1519 624 rasaicn
1549 585 1620 624 nn
1646 585 1864 624 cassat:

568 718 760 771 mentis
794 716 1026 786 Augusti
1064 717 1241 787 nepoti
1274 715 1612 770 vindicantur
1641 729 1678 769 'a
1711 717 1870 786 Casp.
1896 715 2116 769 Barthio
2139 715 2352 768 Advers.
2375 715 2448 768 X.
2471 716 2561 779 21,

568 789 659 841 cui
686 789 859 869 junge
893 787 1191 871 Burmanni
1226 786 1297 840 ad
1332 787 1584 840 Phocum
1607 795 1758 840 notas
1779 804 1831 857 p.
1859 790 1941 852 10,
1975 793 2031 840 et
2051 786 2136 840 Cl.
2159 784 2470 852 Malla-um,
2504 787 2560 837 in

569 859 1047 982 Apfilverlgxmdmongs
998 855 1459 982 Tfflggffi}
1484 857 1821 997 hgfflzffiuam
1842 926 2123 1004 editionem
2144 926 2400 980 innuebat
2419 927 2556 980 idem

572 997 841 1063 Barthius,
880 1015 1007 1051 cum
1048 998 1406 1052 Bononienses
1436 999 1769 1052 membranas
1803 997 2083 1067 allegabat,
2116 997 2209 1049 lib.
2255 1001 2343 1063 47,
2380 1015 2424 1050 c.
2477 1001 2556 1050 18.

573 1067 709 1121 Inde
732 1067 965 1122 Venetiis
986 1084 1055 1122 ex
1077 1068 1202 1121 Aldi
1224 1067 1451 1134 officina,
1472 1075 1528 1121 et
1547 1069 1671 1138 plus
1693 1069 1806 1122 vice
1829 1067 2054 1150 simplici
2078 1067 2318 1132 Basileae,
2339 1074 2394 1121 et
2416 1067 2560 1120 Pari-

570 1139 661 1191 siis
689 1143 839 1191 1559.
862 1143 913 1191 4.
936 1155 1020 1209 ap.
1045 1138 1193 1191 Guil.
1216 1137 1523 1204 Morellum,
1557 1155 1683 1192 cum
1714 1137 2161 1206 castigationibus.
2235 1136 2416 1190 Etiam
2437 1155 2557 1190 cum

572 1208 777 1275 Proclo,
816 1208 1023 1262 Leontii
1119 1208 1276 1275 haera,
1312 1210 1473 1262 Arato
1507 1211 1638 1279 ipso,
1677 1208 2070 1278 Metaphrsseos
2092 1224 2128 1259 a
2148 1207 2400 1261 Cicerone
2421 1225 2559 1261 com-

572 1278 754 1349 positae
778 1278 1029 1348 reliquiis,
1052 1226 1185 1332 ffufi
1210 1278 1351 1332 Festi
1373 1279 1560 1332 Avieni
1593 1277 1936 1361 Metaphrasi,
1955 1285 2011 1331 et
2029 1279 2262 1348 antiquo,
2286 1279 2380 1347 qui
2401 1278 2560 1347 vulgo

572 1366 606 1401 ³
630 1347 2224 1489 ffiflfflsfflfflgifffflffifflpfflwsssaez
2241 1350 2332 1471 αξξ.
2344 1347 2562 1471 *ἓέἓὲῑὲ

575 1490 753 1544 Sanct.
776 1489 1071 1542 Andreana.
1126 1460 1372 1560 Denique
1393 1490 1794 1560 elegantissime,
1818 1489 1909 1542 sed
1931 1488 2206 1542 scholiaste
2227 1489 2320 1541 illo
2343 1489 2454 1541 anti
2492 1505 2561 1541 uo

573 1561 781 1626 omisso,
815 1561 872 1613 in
910 1561 1253 1630 syntagmate
1273 1563 1600 1626 Arateorum,
1635 1559 1780 1629 quod
1812 1559 1849 1612 J
1851 1577 1924 1612 os.
1949 1559 2202 1628 Scaligeri
2225 1558 2392 1612 ductu
2413 1575 2448 1610 a
2483 1576 2562 1611 or·-

574 1632 722 1684 navit
742 1630 986 1700 notisque
1006 1630 1289 1685 illustravit
1326 1631 1489 1700 Huqo
1517 1629 1750 1697 Grotius,
1787 1637 1906 1684 tum
1937 1629 2226 1683 admodum
2249 1629 2562 1694 adoloscenS,

576 1701 749 1770 Lugd.
776 1700 897 1754 Bat.
938 1705 1148 1754 1600-4.
1220 1701 1370 1755 Huic
1392 1701 1610 1756 editioni
1633 1709 1894 1770 quantum
1916 1700 2158 1753 tribuerit
2177 1699 2214 1752 J
2217 1717 2290 1752 os,
2315 1699 2562 1768 Scaliger,

573 1789 643 1824 ex
682 1789 743 1824 eo
782 1779 942 1841 patet,
978 1771 1139 1841 quod,
1172 1790 1298 1826 cum
1318 1771 1357 1824 J
1358 1790 1475 1825 oan.
1501 1771 1567 1824 de
1588 1770 1874 1824 Wouwern
1898 1769 2054 1823 vellet
2072 1769 2354 1823 editionem
2376 1787 2563 1822 nova-m
2624 1822 2632 1830 ,

575 1843 863 1908 instituere,
902 1859 1025 1895 eum
1062 1844 1130 1895 ab
1170 1843 1268 1896 hoc
1310 1843 1526 1896 consilio
1562 1841 1829 1907 deterruit,
1865 1841 2034 1911 Epist.
2057 1857 2108 1910 p.
2131 1845 2255 1907 404,
2277 1839 2347 1893 ad
2367 1840 2562 1893 calcem

578 1911 626 1964 E
663 1930 714 1981 p.
757 1911 1060 1979 Wouwern,
1100 1913 1244 1983 quod
1281 1913 1463 1966 melior
1504 1913 1760 1966 Grotiana
1799 1912 1910 1964 fieri
1947 1928 2054 1963 non
2169 1919 2286 1964 sset.
2359 1910 2428 1962 In
2467 1910 2565 1963 hac

576 1983 837 2106 ἓοὲῗῗὲἱ,
876 1983 1507 2121 ζῗῗῖῑῖἒὲἰἻιῗῶἒέῗέ
1543 1980 2112 2122 «ἐᾞῖἑῖἒὶῗηῗὲἓῗέω
2165 1981 2566 2121 ’3ςῖῗὲθίῗίπῖ

578 2123 733 2176 Sunio
771 2093 989 2176 Grotiu's
1026 2130 1311 2193 acceperat,
1351 2125 1552 2193 quique
1573 2130 1755 2193 postea
1791 2123 1848 2176 in
1890 2092 2274 2175 Biblioth'ecam
2298 2122 2371 2175 Is.
2393 2121 2565 2174 Vossii

576 2195 826 2262 pervenit,
862 2201 1193 2246 accesserunt
1213 2193 1391 2246 formis
1416 2195 1572 2246 aeneis
1594 2209 1849 2262 expressae
1872 2193 2130 2261 imagines
2163 2192 2367 2245 XLIV.
2392 2193 2565 2262 signo-

576 2281 697 2315 rum
715 2264 1006 2316 coeloetium
1023 2283 1039 2329 3
1062 2264 1160 2317 etsi
1176 2270 1284 2317 toto
1301 2264 1433 2317 coelo
1448 2281 1538 2318 eas
1555 2265 1746 2334 saepius
1763 2265 1998 2316 aberrare
2013 2263 2140 2332 ipse,
2159 2263 2254 2331 qui
2270 2262 2566 2332 vulgandas

577 2335 797 2399 curavit,
834 2333 1052 2387 Grotius
1082 2350 1188 2386 non
1219 2334 1488 2387 diffitetur.
1561 2333 1682 2386 Has
1719 2334 1976 2403 imagines
2014 2334 2081 2385 ab
2117 2333 2313 2402 insigni
2351 2333 2565 2398 artifice,

575 2402 612 2455 J
614 2405 779 2456 aoobo
816 2404 1091 2474 Geynaero,
1129 2404 1427 2458 luculenter
1464 2405 1656 2458 incisas
1693 2405 1782 2458 aeri
1817 2404 2030 2456 seorsim
2065 2410 2245 2473 postea
2276 2403 2389 2456 luci
2409 2420 2566 2473 expo-

628 2520 653 2546 *
681 2521 809 2560 Aldus
824 2521 955 2562 edidit
964 2522 1193 2562 hoctitulo:
1218 2522 1473 2572 Fraqnwnta
1485 2521 1610 2560 Arati
1619 2521 1917 2582 phoenomenon
1925 2533 2005 2572 per
2023 2522 2316 2561 Germanicum
2331 2521 2378 2560 in
2393 2521 2569 2560 latinius

578 2571 689 2610 versi
705 2583 796 2610 cum
812 2577 1031 2612 commento
1048 2572 1095 2610 in
1106 2571 1257 2610 Sicilia
1266 2576 1442 2622 reperto.
1489 2571 1656 2620 Proprie
1673 2583 1768 2610 vero
1783 2573 1876 2620 hoc,
1901 2572 2011 2620 quod
2027 2576 2160 2620 vocat,
2183 2576 2467 2610 commentum
2482 2581 2568 2611 non

577 2625 642 2660 est
668 2623 986 2660 commentarius
1012 2623 1059 2661 in
1088 2622 1203 2670 Arati
1230 2623 1349 2662 Meta
1372 2620 1531 2670 hmin,
1558 2622 1668 2661 unde
1693 2621 1752 2660 H.
1773 2622 1944 2661 Grotius
1967 2621 2072 2660 illud
2096 2626 2297 2670 tanquam
2321 2622 2506 2661 alienum
2521 2621 2567 2659 in

580 2671 737 2710 Arateis
754 2671 841 2710 suis
856 2671 1134 2720 praetermisit:
1162 2672 1233 2710 sed
1255 2677 1307 2710 ut
1356 2683 1449 2710 oan.
1466 2672 1607 2710 Fellus
1623 2671 1870 2710 oxoniensis
1887 2672 2118 2720 Episcopus
2131 2671 2178 2710 in
2193 2682 2272 2711 ma
2285 2670 2569 2711 Eratosthenis

574 2720 753 2760 editione
767 2722 935 2770 pulchre
950 2721 1193 2769 observavit,
1218 2722 1354 2760 latina
1368 2721 1502 2760 vmio
1519 2722 1893 2760 catasteriswwwm
1909 2720 2212 2768 Eratosthenis,
2237 2721 2386 2760 additis
2398 2721 2569 2770 quibus-

578 2772 675 2810 dam
688 2772 887 2820 excerptis
900 2783 923 2810 e
937 2771 1105 2821 Nigidii
1116 2771 1260 2822 Fiyuli
1276 2773 1437 2820 sphaera
1450 2771 1706 2819 Graecanica‚
1729 2775 1770 2810 et
1783 2770 2073 2810 recentioribus
2090 2770 2341 2819 quibusdam
2366 2783 2390 2809 e
2417 2771 2572 2817 Plinio,

579 2821 797 2870 Fulgentio
824 2821 1056 2870 Plancinae,
1082 2825 1123 2861 et
1154 2821 1316 2860 Isidoro
1340 2821 1391 2860 de
1416 2825 1570 2860 natura
1595 2831 1734 2860 rerum
1763 2821 2022 2860 assumentis.
2072 2821 2282 2860 Persuasit
2311 2821 2390 2860 sibi
2421 2831 2568 2868 nempe

579 2871 719 2911 Fenus
734 2872 1073 2910 commentarium
1088 2872 1216 2910 istum
1243 2870 1458 2920 (quicquid
1484 2871 1666 2920 Scaliger
1688 2870 1840 2919 aliique
1867 2871 1947 2909 viri
1971 2870 2078 2909 docti
2095 2870 2213 2910 aliter
2227 2870 2445 2921 senserint)
2470 2871 2571 2908 Ger-

580 2921 735 2959 manici
749 2921 881 2968 ipsius
896 2933 985 2960 esse
1000 2920 1125 2971 (quod
1142 2927 1185 2960 et
1199 2921 1415 2969 Pontiano,
1432 2932 1467 2960 c.
1484 2921 1549 2958 38.
1599 2921 1724 2959 Mino.
1748 2925 1789 2959 et
1812 2920 1984 2959 Barthio
2006 2919 2166 2968 pridem
2193 2919 2347 2970 visum)
2370 2922 2422 2958 ab
2437 2930 2568 2968 eoqoe

579 2981 665 3008 non
681 2971 851 3010 Aratum
866 2971 1002 3020 modo,
1019 2971 1089 3010 sed
1106 2975 1147 3010 et
1158 2972 1470 3010 Eratosthenem
1484 2970 1732 3010 nannetum
1746 2981 1835 3008 esse
1848 2971 1988 3009 latine.
2039 2970 2183 3018 Neque
2197 2971 2307 3008 hano
2323 2969 2568 3008 sententiam

578 3023 742 3058 tannim
774 3020 1016 3072 conjecturis
1039 3020 1131 3068 niti,
1158 3022 1269 3070 quod
1292 3022 1340 3060 in
1372 3020 1499 3060 veteri
1523 3020 1620 3060 MS.
1648 3020 1884 3069 exemplari,
1910 3019 2024 3069 quod
2038 3019 2140 3058 olim
2162 3019 2210 3058 in
2236 3018 2378 3058 Sicilia
2392 3018 2568 3058 traditur

580 3074 798 3118 repertum,
822 3081 897 3109 nec
914 3082 999 3110 non
1018 3071 1145 3110 altero
1159 3071 1283 3110 veteri
1298 3071 1483 3118 exemplo
1511 3070 1679 3120 collegii
1702 3070 1925 3108 Etonensis
1949 3068 2068 3118 Regii
2082 3069 2247 3118 utrique
2261 3069 2388 3108 simul
2404 3079 2566 3117 compa-

580 3125 726 3208 :3⁸32
736 3120 1425 3218 {iiufflgdpffi.{ffi⁰iniioe¹¹⁸¹qmum-
1422 3119 1495 3208 ,ἐξ
1519 3118 2566 3208 ἱξωὸὼῶωὲῧῇἱέἓῗοῗᾶωωωξᾘῗωᾞ

582 3219 630 3256 L.
645 3219 673 3256 i.
690 3229 724 3256 c.
744 3219 823 3257 XI.
836 3219 909 3258 ubi
927 3219 1101 3258 Coesaris
1130 3219 1301 3258 Aratum
1328 3219 1506 3258 laudans
1522 3219 1596 3259 illa
1610 3219 1702 3267 ipsa
1715 3219 1837 3258 refert
1851 3221 1988 3266 verba,
2012 3229 2106 3268 quae
2119 3218 2166 3257 in
2181 3218 2473 3257 commentario
2487 3218 2566 3256 isto

581 3269 733 3316 pariter
761 3275 802 3307 et
826 3269 872 3307 in
899 3271 1045 3308 Groeco
1067 3269 1340 3308 Eratosthene
1368 3268 1637 3317 reperiuntur.
1689 3267 1844 3312 Quales
1877 3273 2018 3308 tamen
2044 3268 2166 3307 hodie
2195 3267 2258 3307 illi
2284 3267 2568 3307 commentarii

579 3318 787 3366 leguntur,
803 3319 878 3366 qui
892 3321 1065 3368 possunt
1079 3319 1373 3358 Germanicum
1388 3329 1604 3368 agnoscere
1621 3322 1842 3367 auctorem,
1865 3329 1964 3358 cum
1987 3317 2041 3357 ad
2065 3317 2331 3368 Prognostica
2346 3318 2568 3358 laudentur

581 3367 628 3406 hi
644 3379 783 3406 versus
799 3367 1013 3408 Prudentii
1026 3379 1078 3406 ex
1094 3367 1167 3407 lib.
1184 3368 1220 3406 1.
1238 3369 1284 3406 in
1302 3367 1614 3416 Symmachum,
1627 3378 1718 3418 pag.
1733 3366 1824 3406 365.

1030 3417 1221 3466 Denique
1232 3421 1329 3456 oum
1342 3417 1446 3456 luna
1458 3423 1535 3467 est,
1550 3417 1748 3456 sublustri
1762 3417 1946 3466 splendet
1959 3415 2129 3466 amictu,

1030 3467 1139 3506 Cum
1154 3465 1487 3516 subcinctajuvit
1502 3468 1694 3516 calamos,
1709 3467 1872 3506 Latinia
1885 3467 2012 3516 V'ugo
2026 3472 2099 3506 est.

584 3514 729 3564 Itaque
744 3519 851 3556 recte
866 3516 910 3556 id
924 3517 1090 3567 negavit
1101 3517 1168 3556 Jo.
1185 3517 1395 3556 Meumius
1410 3517 1604 3566 Epistola
1621 3519 1675 3556 ad
1697 3517 1724 3556 J
1727 3521 1870 3556 ustum
1883 3515 2086 3576 Lipsium,
2103 3517 2155 3556 Τ.
2167 3516 2207 3556 2.
2261 3513 2448 3566 Sylloges
2464 3516 2572 3556 Bur-

584 3565 837 3612 mannianae‚
852 3577 893 3614 p.
908 3565 973 3604 36.
1025 3566 1089 3605 M.
1107 3567 1288 3606 Antonio
1304 3567 1489 3606 Delrioni
1506 3571 1649 3606 auctor
1673 3565 1955 3606 commentarii
1970 3566 2183 3614 proesentis
2199 3571 2370 3605 vocatur
2396 3564 2575 3617 Calpur-

578 3615 675 3654 nius
692 3616 864 3664 Bassus,
887 3615 981 3654 aliis
1000 3615 1169 3655 Caesius
1181 3618 1339 3656 Bassus
1354 3616 1510 3656 incerta
1523 3618 1643 3665 plane
1658 3616 1904 3666 conjectura.
1953 3617 2074 3666 casp.
2090 3615 2288 3656 Bai-thius
2303 3617 2573 3666 Rhemum

580 3665 867 3713 suspicabatur
880 3665 1094 3705 incertiore
1109 3666 1233 3706 etiam
1250 3666 1512 3706 divinatione.
1565 3667 1749 3706 Thomas
1773 3667 2031 3705 Munckerus
2046 3666 2092 3705 in
2109 3665 2388 3706 dissertatione
2404 3667 2454 3705 de
2469 3677 2568 3704 auc·

584 3719 671 3754 tore
697 3715 978 3765 Mythologiae,
1007 3727 1101 3767 quoe
1124 3719 1201 3756 sub
1227 3716 1384 3766 Hygini
1412 3716 1581 3756 nomine
1609 3716 1807 3764 ambulat,
1832 3716 1954 3754 refert
1967 3726 2011 3754 se
2026 3715 2072 3754 in
2087 3716 2330 3766 pervetustis
2353 3717 2574 3756 Puteaueoe

580 3763 843 3805 Bibliothecae
868 3766 1119 3805 membranis
1151 3768 1389 3806 Arateorum
1418 3766 1656 3806 Germanici
1685 3765 1934 3805 scholiasten
1965 3765 2277 3814 deprehendisse
2309 3765 2486 3804 latinum
2518 3765 2570 3803 ab

580 3813 691 3853 edito
706 3815 807 3854 satis
822 3814 1045 3865 diversum,
1073 3815 1145 3854 sed
1168 3827 1265 3855 cum
1286 3814 1379 3866 jam
1404 3816 1716 3855 describendum
1729 3825 1828 3854 eum
1845 3815 1925 3854 sibi
1947 3815 2242 3864 proposuisset,
2263 3813 2574 3864 deprehendisse

584 3865 708 3912 paulo
733 3869 839 3914 post,
860 3876 949 3904 esse
974 3866 1121 3905 Graeca
1147 3865 1193 3904 in
1222 3867 1396 3904 Aratum
1422 3866 1580 3905 scholia
1605 3865 1807 3904 latinitate
1832 3865 1996 3904 donata.
2049 3865 2168 3904 Idem
2191 3865 2268 3904 Vir
2289 3865 2457 3904 Clariss-
2482 3865 2576 3903 loca

582 3915 794 3963 complura
820 3915 1049 3954 scholiastae
1076 3926 1200 3964 quem
1225 3920 1373 3954 vocant
1394 3915 1630 3957 Germanici
1647 3913 1809 3954 sanavit
1824 3926 1910 3953 non
1925 3913 2140 3954 infeliciter
2151 3915 2198 3953 in
2213 3915 2324 3954 notis
2339 3915 2394 3954 ad
2409 3914 2579 3962 mytho-⁴

579 3964 934 4053 graphosllgtifff.
975 3965 1163 4054 Indligem
1176 3971 1389 4004 auctorum
1403 3965 1450 4004 in
1466 3967 1545 4004 hoc
1561 3963 1852 4005 commentario
1867 3965 2136 4014 allegatos-um
2153 3965 2246 4004 dedi
2261 3965 2308 4004 in
2323 3963 2576 4005 Bibliotheca

620 4025 738 4062 raeca,
768 4025 782 4054 1
814 4042 823 4052 .
914 4043 924 4054 .
939 4025 1029 4064 cap.
1101 4049 1104 4052 .

632 4062 659 4100 4
676 4063 721 4102 M
724 4064 833 4103 cutio
846 4065 973 4116 huJus
988 4064 1147 4106 Codicis
1162 4064 1275 4114 apud
1287 4065 1315 4104 J
1316 4076 1376 4104 os.
1391 4063 1638 4115 Caligerum,
1653 4063 1784 4114 Epist.
1801 4073 1928 4105 xxxx.
