2992 4842
595 548 684 612 44
1421 571 1735 616 senous.

593 719 864 787 meatus,
889 707 1060 772 inter
1087 717 1318 772 caetera
1345 707 1567 772 relicta
1595 707 1791 772 etiam
1820 707 2079 772 testudo
2108 717 2229 787 est,
2252 729 2403 792 quae
2430 727 2575 773 cum

591 793 953 876 putrefacta
979 793 1208 858 fuisset
1235 805 1303 858 et
1331 793 1509 856 nervi
1536 795 1592 878 ej
1604 815 1675 856 us
1704 793 1958 857 extensi
1998 793 2171 857 intra
2196 793 2440 857 corium
2480 816 2579 856 re-

593 878 994 958 mansissent,
1015 901 1316 963 percussa
1332 902 1372 942 a
1394 879 1721 942 Mercurio
1742 879 2023 943 sonitum
2046 879 2263 955 dedit,
2308 879 2379 942 in
2396 880 2577 963 cujus

593 963 1075 1027 similitudinem
1097 963 1458 1028 Mercurius
1479 963 1717 1046 Lyram
1738 963 1910 1044 fecit,
1932 985 2125 1062 quam
2144 974 2369 1047 postea
2382 962 2579 1047 Apol-

593 1047 712 1112 lini
741 1047 976 1125 datam,
1002 1049 1110 1113 alii
1141 1048 1405 1133 Orpheo
1433 1049 1680 1127 dicunt,
1708 1071 1785 1112 eo
1814 1049 1989 1134 quod
2014 1047 2207 1112 unius
2236 1071 2325 1112 ex
2362 1049 2581 1126 musis,

595 1133 661 1198 id
693 1145 793 1198 est
825 1133 1151 1219 Calliopoe,
1183 1135 1268 1198 sit
1295 1134 1486 1198 filius.
1577 1133 1759 1198 Fecit
1796 1146 2013 1198 autem
2050 1134 2315 1197 chordas
2354 1157 2580 1198 novem

587 1219 786 1304 juxta
807 1241 1144 1284 numerum
1173 1219 1520 1284 musarum.
1611 1219 1841 1283 Tantae
1868 1241 2147 1303 namque
2176 1219 2411 1282 dicitur
2440 1219 2582 1282 dul—

597 1304 882 1368 cedinis
864 1327 934 1367 ιιι
959 1305 1344 1368 modulando
1371 1303 1587 1383 fuisse,
1608 1316 1684 1368 ut
1706 1305 1985 1384 arbores,
2008 1327 2185 1384 saxa,
2206 1305 2464 1383 bestias,
2486 1315 2583 1368 at-

601 1412 728 1473 que
739 1389 976 1454 inferos
983 1390 1390 1454 commoverit
1407 1391 1490 1453 ob
1508 1391 1796 1474 conjugis
1808 1391 2163 1474 Eurydices
2178 1389 2584 1468 desiderium,

602 1475 682 1539 ad
712 1475 949 1539 inferos
970 1476 1380 1539 descendens.
1472 1475 1611 1542 Qui
1634 1497 1782 1540 cum
1830 1476 2201 1560 Apollinem
2228 1475 2584 1540 maximum

603 1561 866 1624 deorum
895 1559 1260 1639 honoraret,
1291 1561 1600 1624 Liberum
1630 1573 1847 1626 autem
1868 1573 2140 1645 patrem,
2162 1585 2201 1624 a
2222 1584 2353 1645 quo
2374 1561 2587 1626 fuerat

603 1645 1016 1728 glorificatus,
1043 1646 1304 1710 minime
1331 1647 1735 1730 glorificaret,
1764 1647 2029 1711 sedens
2010 1669 2079 1710 ιιι
2104 1647 2383 1745 Pangaeo
2406 1668 2585 1711 mon-

604 1747 694 1810 te,
723 1743 789 1795 et
817 1745 1165 1814 expectans
1185 1731 1332 1795 solis
1356 1745 1595 1810 ortum,
1617 1731 1815 1796 Liber
1836 1732 2205 1815 indignatus
2228 1732 2403 1796 misit
2424 1732 2587 1795 Bac-

603 1815 773 1895 chas,
805 1826 878 1880 ut
907 1816 1254 1900 AEschylus
1277 1818 1518 1896 scribit,
1546 1839 1696 1902 quae
1727 1839 1877 1880 eum
1916 1816 2320 1882 membratim
2360 1817 2590 1880 discer-

651 1912 857 1981 e,rent
913 1901 1319 1986 collectisque
1363 1903 1663 1966 membris
1707 1904 1763 1986 ej
1774 1925 1847 1966 us
1890 1901 2282 1985 sepelierunt
2326 1925 2476 1966 eum
2520 1903 2590 1966 in

605 1923 857 2050 {nesbiis
875 1988 1240 2063 montibus3
1273 1989 1348 2088 ej·
1337 2011 1412 2051 us
1435 1987 1675 2072 Lyram
1701 1986 1955 2051 Musoeo
1978 1988 2315 2064 dederunt,
2336 1987 2379 2050 J
2380 2010 2591 2050 ovem-

607 2093 734 2156 que
756 2083 1161 2155 rogaverunt,
1188 2085 1266 2136 ut
1293 2077 1432 2157 ejus
1461 2073 1828 2137 memoriam
1858 2072 2045 2136 astris
2072 2072 2358 2137 inferret.
2450 2073 2592 2136 Ha-

605 2158 721 2220 bet
763 2169 978 2222 autem
1023 2158 1258 2238 stellas,
1299 2159 1368 2221 in
1411 2158 1720 2257 utrisque·
1746 2159 2107 2257 pectinibus
2162 2158 2465 2241 sing-ulaS,
2520 2158 2593 2221 in

607 2243 934 2306 cacumine
964 2243 1342 2307 chordarum
1371 2243 1720 2326 singulas,
1700 2265 1769 2306 ιιι
1800 2242 2094 2326 utrisque
2135 2243 2417 2306 humeris
2461 2244 2593 2308 sin-

607 2327 811 2410 gulas,
870 2329 941 2391 in
997 2328 1196 2392 fundo
1241 2351 1458 2399 unam.
1501 2329 1573 2392 in
1614 2329 1874 2392 modulo
1916 2350 2131 2404 unam,
2172 2329 2241 2392 in
2286 2340 2594 2413 tympano

609 2411 842 2476 claram
872 2425 1066 2499 atque
1095 2415 1428 2479 candidam
1457 2436 1672 2478 unam.
1766 2413 1939 2477 Sunt
1966 2435 2186 2478 omnes
2214 2435 2461 2477 novem.

697 2497 994 2582 Cycnum
1043 2499 1267 2563 dicunt
1321 2500 1493 2563 inter
1550 2511 1719 2563 astra
1776 2500 2220 2575 constitutum,
2283 2522 2361 2563 eo
2420 2499 2597 2583 quod

608 2583 869 2667 Jupiter
897 2584 966 2647 in
999 2583 1122 2684 ..Cy
1111 2607 1302 2648 enum
1335 2585 1825 2667 transfiguratus
1854 2583 2254 2648 evolaverit
2236 2607 2307 2647 ιιι
2343 2607 2593 2648 ramum

611 2669 853 2733 Atticae
881 2671 1180 2748 regionis,
1223 2671 1444 2753 ibique
1475 2669 1920 2754 compresserit
1966 2669 2300 2746 Nemesin,
2352 2691 2501 2754 quae
2524 2681 2595 2733 et

611 2754 790 2819 Leda
807 2755 1058 2833 dicitur,
1076 2758 1170 2836 (ut
1191 2755 1406 2838 refert
1409 2756 1632 2818 Crates
1654 2755 2110 2838 tragoediarum
2126 2755 2415 2840 scriptor)
2445 2777 2595 2854 quae

609 2841 806 2903 enixa
833 2852 933 2904 est
976 2862 1187 2917 ovum,
1236 2840 1410 2904 unde
1449 2853 1605 2904 nata
1646 2852 1745 2903 est
1791 2839 2081 2903 Helena:
2130 2840 2243 2904 sed
2288 2841 2594 2924 quoniam

589 2925 866 3009 Jupiter
894 2945 1118 2988 rursus
1163 2925 1231 2989 in
1269 2926 1495 2990 caelum
1540 2927 1610 2988 in
1656 2922 1950 3010 Cycnum
1994 2926 2481 3008 transfiguratus
2526 2948 2594 2988 se

611 3011 875 3094 recepit,
917 3023 990 3073 ut
1017 3010 1144 3074 fuit
1172 3011 1398 3094 pennis
1429 3011 1649 3087 tensiS‚
1691 3011 2097 3074 simulacrum
2120 3013 2259 3095 ejus
2282 3011 2594 3075 sideribus

609 3096 890 3180 reliquit.
984 3094 1207 3160 Habet
1235 3108 1452 3160 autem
1482 3096 1777 3174 stellas,
1758 3119 1827 3160 ιιι
1866 3097 2075 3179 capite
2105 3096 2337 3160 claram
2376 3119 2596 3175 unam,

609 3181 678 3244 in
696 3181 930 3245 dextra
946 3179 1048 3244 ala
1072 3182 1382 3265 quinque,
1405 3203 1599 3244 unam
1620 3181 1853 3245 claram
1878 3203 2026 3264 quoe
2046 3194 2145 3244 est
2167 3203 2319 3264 erga
2339 3181 2596 3261 collum,

609 3267 679 3329 in
697 3266 956 3329 sinistra
976 3264 1078 3329 ala
1101 3267 1408 3352 quinque,
1448 3267 1517 3329 in
1540 3277 1795 3350 pectore
1819 3289 2035 3345 unam,
2072 3267 2143 3330 in
2159 3267 2361 3330 cauda
2377 3289 2593 3343 unam,

613 3373 761 3434 quae
791 3363 890 3413 est
909 3351 1313 3434 amplissima.
1407 3351 1578 3415 Sunt
1606 3374 1827 3416 omnes
1856 3351 2059 3415 XIV.

701 3435 899 3499 Porro
931 3436 1256 3521 Aquarius
1299 3459 1534 3501 nomen
1578 3437 1889 3520 accepisse
1935 3437 2191 3516 dicitur,
2236 3437 2410 3521 quod
2455 3437 2593 3520 ejus

611 3534 847 3585 exortu
868 3521 1102 3585 imbres
1175 3522 1391 3586 lurimi
1417 3524 1597 3588 fiant.
1688 3521 1972 3588 Quidam
1995 3522 2239 3599 volunt,
2268 3522 2595 3606 Ganyme-

611 3607 736 3670 den
764 3629 913 3670 eum
937 3629 1095 3687 esse,
1121 3545 1318 3672 froili
1341 3621 1406 3672 et
1433 3607 1821 3673 Callirrhoes
1836 3607 2063 3684 filium,
2086 3608 2363 3690 quicum
2384 3608 2453 3670 in
2478 3607 2597 3670 Ida

609 3704 830 3756 monte
861 3703 1222 3773 venaretur,
1251 3694 1334 3757 ob
1364 3694 1625 3757 nimiam
1651 3693 2195 3776 pulchritudinem
2214 3717 2250 3756 a
2268 3693 2425 3756 Jove
2448 3693 2597 3756 ada-

608 3789 843 3857 matus,
872 3789 939 3840 et
969 3799 1083 3860 per
1111 3779 1387 3863 aquilam
1421 3791 1666 3862 raptuS‚
1704 3778 1876 3842 inter
1906 3791 2077 3842 astra
2104 3790 2205 3842 est
2232 3777 2593 3842 collocatus,

610 3861 867 3926 Dehinc
899 3863 1224 3948 Aquarius
1255 3864 1462 3928 dictus
1493 3876 1611 3943 est,
1639 3864 1810 3947 quod
1834 3865 2039 3928 undas
2061 3864 2383 3930 funderet.
2475 3863 2595 3926 Ni-

610 3948 820 4030 gidius
855 3947 1288 4032 Hydrochoon
1317 3950 1445 4012 sive
1465 3949 1836 4048 Aquarium
1868 3950 2198 4013 existimat
2238 3971 2374 4012 esse
2418 3947 2597 4010 Deu—

613 4033 918 4097 calionem
949 4034 1347 4114 Thessalum,
1371 4035 1484 4118 qui
1517 4035 1798 4100 maximo
1828 4033 2207 4120 cataclysmo
2230 4034 2314 4100 sit
2342 4034 2598 4098 relictus
