2992 4842
572 521 661 586 62
1410 542 1722 588 senona.

571 681 879 748 Fidiculae
907 689 1193 749 exortus.
1240 681 1418 748 XII.
1444 683 1563 749 cal.
1593 683 1639 748 J
1637 681 1821 749 unias
1853 681 2114 768 Capella
2134 683 2381 768 vesperi
2399 683 2560 748 occi-

572 769 669 834 dit
696 779 765 834 et
792 770 863 833 in
894 767 1115 834 Attica
1146 767 1357 834 Canis.
1445 769 1580 834 XI.
1612 770 1725 834 cal.
1768 769 1812 832 J
1813 771 1996 834 unias
2025 767 2270 834 Caesari
2301 769 2559 833 Orionis

568 854 821 938 gladius
842 854 1127 920 occidere
1146 855 1393 940 incipit.
1482 854 1620 919 III.
1640 878 1744 919 n0.
1767 855 1811 919 J
1809 856 1994 920 unias
2019 855 2298 939 Assyriis
2319 854 2560 941 Aquila

570 941 777 1004 oritur
804 940 1071 1026 vesperi.
1115 940 1284 1006 VII.
1305 941 1451 1005 idus
1472 940 1517 1004 J
1516 942 1700 1006 unias
1725 942 2036 1006 Arcturus
2059 941 2376 1004 matutino
2396 941 2559 1004 occi-

570 1026 669 1090 dit
702 1025 933 1092 Italiae.
980 1025 1107 1092 IV.
1124 1027 1269 1090 idus
1292 1026 1519 1090 Junias
1539 1027 1902 1112 Delphinus
1927 1028 2132 1091 oritur
2149 1027 2218 1090 in
2245 1027 2556 1112 AEgypto.

570 1111 706 1176 XI.
736 1112 852 1178 cal.
884 1112 927 1176 J
926 1112 1091 1175 ulias
1120 1113 1406 1198 ejusdem
1437 1111 1696 1178 Orionis
1725 1113 1972 1198 gladius
2005 1112 2246 1177 Caesari
2274 1113 2556 1176 occidere

568 1197 815 1282 incipit.
902 1196 1111 1264 VIII.
1140 1198 1256 1263 cal.
1288 1198 1332 1262 J
1332 1199 1515 1276 ulias,
1548 1199 1953 1283 longissimus
1983 1199 2118 1262 dies
2149 1198 2346 1262 totius
2385 1199 2558 1278 anni,

570 1294 638 1347 et
665 1305 799 1346 nox
828 1283 1199 1348 brevissima
1228 1282 1593 1349 Solstitium
1623 1285 1897 1349 conficit.

653 1367 717 1432 A
750 1369 1040 1433 Solstitio
1078 1370 1161 1433 ad
1194 1369 1500 1435 Fidiculae
1539 1393 1852 1449 occasum,
1896 1369 2026 1436 VI.
2065 1369 2308 1434 calend.
2351 1369 2395 1432 J
2395 1369 2557 1433 ulias

569 1453 815 1520 Caesari
846 1455 1049 1519 Orion
1094 1457 1422 1522 exoritur:
1473 1455 1664 1521 Zona
1705 1468 1924 1521 autem
1953 1457 2092 1541 ejus
2125 1455 2398 1540 Assyriis
2431 1454 2554 1520 IV.

566 1561 673 1606 n0.
720 1539 764 1603 J
768 1541 949 1617 ulias,
1001 1541 1295 1626 AEgypto
1341 1565 1490 1606 vero
1537 1542 1758 1607 eadem
1788 1542 1890 1606 die
1922 1540 2210 1626 Procyon
2240 1553 2554 1604 aestuosus

564 1626 886 1691 matutino
932 1627 1158 1704 oritur,
1204 1629 1379 1711 quod
1422 1629 1599 1692 sidus
1640 1628 1813 1714 apud
1843 1628 2170 1692 Romanos
2202 1648 2332 1690 non
2359 1627 2556 1690 habet

564 1734 824 1790 nomen,
863 1713 988 1777 nisi
1018 1712 1350 1791 Canicula,
1392 1735 1589 1800 quam
1625 1716 1918 1779 volumus
1954 1713 2312 1796 intelligere
2351 1712 2555 1775 mino-

564 1820 701 1862 rem
734 1797 997 1875 Canem,
1031 1809 1107 1862 ut
1134 1799 1203 1862 in
1232 1800 1417 1863 astris
1444 1800 1735 1884 pingitur
1752 1801 1832 1864 ad
1857 1810 2085 1863 aestum
2108 1797 2390 1862 maxime
2411 1820 2558 1881 per-

565 1884 802 1961 tinens,
852 1885 1016 1948 sicut
1060 1885 1256 1968 paulo
1299 1896 1447 1970 post
1496 1886 1886 1951 docebimus,
1977 1883 2101 1949 IV.
2145 1907 2295 1948 non.
2345 1882 2389 1946 J
2391 1883 2551 1947 ulias

566 1967 890 2034 Chaldaeis
920 1993 1155 2036 corona
1182 1971 1412 2035 occidit
1440 1972 1780 2036 matutino.
1870 1970 2110 2035 Atticae
2144 1970 2346 2033 Orion
2376 1980 2552 2033 totus

564 2055 788 2120 eadem
819 2055 921 2119 die
950 2056 1262 2120 exoritur.
1352 2056 1572 2121 Pridie
1597 2057 1744 2122 idus
1773 2057 1817 2121 J
1818 2057 1998 2133 uliaS,
2033 2056 2323 2140 AEgypto
2348 2055 2553 2118 Orion

564 2141 799 2206 desinit
825 2142 1081 2206 exoriri.
1130 2140 1291 2207 XV.
1317 2143 1430 2207 cal.
1452 2142 1802 2227 Augustae,
1827 2142 2107 2225 Assyriis
2134 2141 2374 2206 Chiron
2399 2163 2553 2205 exo-

563 2227 749 2291 ritur.
842 2227 1095 2291 Deinde
1123 2239 1271 2312 post
1300 2229 1584 2292 triduum
1612 2229 1748 2292 fere
1769 2229 2010 2314 ubique
2033 2227 2364 2291 confusum
2381 2227 2552 2290 inter

566 2335 787 2376 omnes
836 2313 1029 2390 siduS,
1090 2313 1376 2378 indicans
1415 2315 1590 2401 quod
1637 2311 1834 2378 Canis
1881 2324 2030 2377 ortu
2075 2324 2354 2390 vocatus,
2402 2311 2549 2377 Sole

562 2409 814 2482 partem
842 2399 1117 2483 primam
1134 2397 1373 2464 Leonis
1392 2401 1674 2478 ingresso
1699 2423 1846 2464 cum
1868 2400 1952 2464 sit
1973 2399 2354 2476 Solstitium,
2378 2398 2554 2483 quod

564 2483 737 2546 sidus
768 2485 1055 2548 accendit
1087 2484 1301 2550 Solem
1327 2497 1392 2549 et
1414 2507 1713 2570 magnam
1735 2496 1931 2550 aestus
1953 2486 2254 2550 obtinent
2274 2506 2547 2548 causam.

564 2568 769 2636 XVI.
813 2569 929 2634 cal.
978 2570 1254 2654 August.
1304 2571 1599 2656 AEgypto
1641 2571 1883 2658 Aquila
1932 2571 2162 2635 occidit
2205 2570 2548 2645 matutine,

563 2655 1057 2741 Etesiarumque
1091 2655 1421 2720 Prodromi
1448 2657 1641 2721 flatus
1669 2657 2007 2740 incipiunt,
2039 2656 2214 2742 quod
2237 2652 2458 2720 Caesar
2474 2654 2550 2718 X

564 2741 678 2805 cal.
714 2741 903 2826 ·Aug.
954 2743 1193 2805 sentire
1236 2741 1492 2806 Italiam
1533 2743 1958 2807 existimavit:
2021 2742 2266 2827 Aquila
2308 2741 2548 2806 Atticae

562 2827 882 2892 matutino
929 2827 1175 2892 occidit.
1264 2826 1476 2897 VIII.
1521 2828 1667 2893 idus
1719 2827 1893 2912 Aug.
1939 2827 2256 2892 Arcturus
2303 2826 2550 2890 medius

563 2913 811 2978 occidit.

650 2997 789 3062 III.
821 2999 965 3064 idus
986 2998 1159 3084 Aug.
1181 2999 1467 3064 Fidicula
1490 3021 1716 3064 occasu
1732 3022 1847 3063 suo
1873 3009 2252 3063 autumnum
2272 2997 2550 3075 inchoat,

561 3094 671 3147 aut
723 3095 1029 3163 annotat3
1078 3087 1187 3148 sed
1218 3109 1365 3150 vera
1393 3086 1558 3150 ratio
1585 3085 1654 3148 id
1681 3086 1821 3148 fieri
1867 3085 2110 3148 invenit
2156 3084 2360 3168 pridie
2408 3084 2551 3147 idus

560 3170 730 3252 Aug.
780 3171 1008 3256 Equus
1040 3171 1245 3234 oritur
1292 3172 1563 3256 vesperi,
1616 3182 1683 3234 et
1731 3169 1992 3235 Caesari.
2049 3171 2340 3254 AEgypto
2395 3169 2552 3233 Del-

559 3254 795 3339 phinus
826 3257 1072 3322 occidit.
1121 3254 1253 3321 XI.
1285 3257 1400 3321 cal.
1427 3255 1840 3341 Septembres
1868 3255 2150 3340 Assyriis
2174 3255 2377 3332 stella,
2404 3277 2552 3340 quae

559 3340 1155 3406 Antevindemiator
1184 3343 1562 3426 appellatur,
1599 3343 1836 3406 exoriri
1882 3364 2068 3405 mane
2118 3341 2367 3424 incipit,
2417 3342 2552 3404 vin-

560 3426 787 3489 demiae
825 3428 1263 3492 maturitatem
1292 3428 1697 3512 promittenS,
1741 3430 1923 3512 cujus
1953 3437 2343 3511 argumento*
2364 3436 2554 3490 erunt

560 3513 706 3595 agni
763 3510 969 3576 colore
1016 3514 1273 3590 mutati,
1328 3525 1393 3576 et
1443 3514 1728 3597 Assyriis
1777 3515 2005 3598 quinto
2055 3512 2169 3576 cal.
2218 3510 2547 3595 Septemb.

560 3595 813 3680 Sagitta
842 3599 1091 3675 occidit,
1120 3597 1490 3684 Etesiaeque
1533 3599 1850 3664 desinunt.
1942 3597 2552 3662 Andevindemiator

558 3683 851 3768 AEgypto
883 3684 1067 3748 nonis
1113 3684 1598 3769 Septembribus
1639 3685 1862 3750 oritur.
1953 3684 2192 3748 Atticae
2234 3681 2554 3747 Arcturus

556 3770 898 3847 matutino,
954 3781 1019 3833 et
1062 3770 1312 3854 Sagitta
1348 3771 1576 3834 occidit
1614 3793 1822 3834 mane.
1912 3768 1998 3834 V.
2042 3769 2185 3832 idus
2223 3769 2552 3852 Septemb.

558 3851 803 3918 Caesari
834 3853 1105 3940 Capella
1134 3857 1338 3920 oritur
1355 3856 1604 3940 vesperi
1627 3857 1998 3920 :Arcturus
2015 3877 2162 3919 vero
2184 3855 2388 3938 pridie
2411 3855 2554 3918 idus

560 3939 891 4024 Septemb.
925 3943 1163 4006 imbres
1192 3942 1776 4006 vehementissimos
1808 3941 2146 4024 significat,
2173 3951 2344 4005 terra
2363 3941 2554 4004 mari-

555 4046 703 4110 que.
796 4026 995 4092 Ratio
1043 4029 1181 4113 ejus
1228 4028 1370 4092 haec
1417 4029 1715 4107 traditur,
1759 4029 1812 4092 si
1845 4026 2174 4111 Delphino
2226 4027 2556 4092 occidente
