2992 4842
1326 571 1643 618 scflomA.
2399 554 2477 616 61

484 715 807 801 appellata
836 715 1188 794 Tuberoni,
1220 715 1291 778 in
1318 726 1576 802 pectore
1609 713 1847 778 Leonis
1877 714 2110 780 occidit
2137 715 2456 780 matutino
2461 764 2482 794 ,

486 813 554 866 et
582 803 788 886 pridie
816 824 967 867 non.
1000 801 1189 865 Febr.
1222 801 1510 865 Fidicula
1534 800 1782 884 vesperi
1815 801 2064 865 occidit.

574 888 639 952 A
672 887 952 952 Favonio
973 888 1043 951 in
1076 887 1536 974 aequinoctium
1571 885 1810 950 Caesari
1839 886 1891 950 si
1983 886 2200 950 ificant
2221 885 2343 951 IV.
2369 886 2484 950 cal.

486 971 689 1038 Mart.
722 974 1137 1059 quatriduum
1166 973 1359 1051 varie,
1399 983 1465 1037 et
1499 969 1705 1038 VIII.
1737 972 1854 1036 cal.
1891 909 2090 1036 θυι.
2123 973 2486 1036 hirundinis

486 1059 681 1136 visuS,
712 1071 781 1123 et
809 1074 1067 1144 postero
1098 1059 1200 1123 die
1230 1059 1465 1123 arcturi
1496 1068 1760 1122 exortus
1799 1059 2222 1142 vespertinus,
2312 1057 2487 1122 Item

484 1167 689 1208 nonas
742 1143 943 1211 Mart.
991 1145 1210 1209 Caesar
1256 1143 1493 1210 Cancri
1535 1153 1772 1207 exortu
1818 1143 1888 1208 id
1915 1143 2058 1207 fieri
2107 1144 2482 1209 observavit.

485 1229 694 1296 VIII.
721 1230 877 1295 Idus
899 1231 1098 1295 Mart.
1125 1231 1441 1316 aquilonis
1468 1229 1668 1293 Piscis
1693 1240 1985 1306 exortuS,
2012 1240 2079 1293 et
2098 1242 2354 1314 postero
2380 1229 2484 1295 die

490 1315 751 1380 Orionis
781 1328 1070 1395 exortuS,
1102 1327 1169 1380 et
1196 1317 1267 1380 in
1295 1315 1518 1380 Attica
1547 1314 1790 1379 Milvus
1837 1336 2142 1400 apparere
2191 1316 2486 1380 observa-

486 1411 615 1468 tur.
705 1401 937 1466 Idibus
969 1401 1228 1466 Martiis
1260 1401 1478 1467 Caesar
1506 1401 1733 1465 ferales
1763 1400 1885 1464 sibi
1915 1401 2167 1465 notavit
2199 1401 2487 1485 Scorpio-

486 1487 588 1551 nis
619 1509 895 1552 occasus.
945 1487 1022 1552 II
1029 1487 1083 1553 Ι.
1118 1488 1233 1552 cal.
1279 1486 1526 1572 Aprilis
1569 1486 1778 1550 Italiae
1819 1486 2061 1551 Milvus
2101 1487 2480 1551 ostenditur.

487 1572 665 1638 XII.
698 1574 811 1638 cal.
839 1574 1096 1658 Apriles
1126 1574 1357 1659 Equus
1381 1573 1613 1637 occidit
1641 1573 1981 1637 matutino.

573 1657 1072 1744 AEquinoctium
1098 1682 1367 1724 vernum
1398 1657 1608 1723 VIII.
1637 1659 1752 1723 cal.
1788 1657 2034 1742 Aprilis
2061 1657 2281 1742 peragi
2313 1659 2485 1722 vide-

487 1757 616 1808 tur.
707 1744 816 1810 Ab
837 1769 914 1809 eo
934 1746 1015 1809 ad
1034 1743 1470 1829 Vergiliarum
1496 1755 1798 1808 exortum
1816 1744 2208 1808 matutinum
2239 1742 2486 1808 Caesari

485 1829 867 1914 significant.
962 1829 1101 1895 III.
1135 1853 1286 1896 non.
1321 1830 1534 1914 April.
1553 1831 1624 1893 in
1647 1829 1870 1894 Attica
1889 1828 2200 1913 Vergiliae
2219 1852 2481 1914 vespere

486 1915 915 1980 occultantur.
1006 1916 1175 1981 Item
1203 1927 1354 2001 post
1380 1916 1587 2000 pridie
1621 1937 1818 1980 nonas
1845 1914 2108 1999 Apriles
2135 1915 2204 1978 in
2225 1915 2485 1980 Boeotia

486 2012 555 2064 et
606 2001 923 2067 Chaldaeis
974 2002 1178 2067 Orion
1210 2013 1278 2066 et
1304 2001 1555 2086 gladius
1604 2003 1744 2087 ejus
1790 2001 2110 2085 incipiunt
2159 2001 2481 2066 abscondi.

487 2085 737 2152 Caesari
765 2087 891 2153 VI.
925 2088 1083 2152 Idus
1112 2087 1355 2173 Aprilis
1378 2087 1695 2172 significat
1711 2087 1947 2151 imbres
1971 2086 2188 2150 Librae
2206 2109 2482 2151 occasuS.

487 2172 691 2238 XIV.
725 2173 843 2238 cal.
881 2173 1091 2238 Maias
1117 2175 1391 2238 succulae
1421 2174 1722 2238 occidunt
1765 2195 1874 2237 ves
1923 2195 2051 2250 ere,
2095 2173 2268 2237 sidus
2295 2173 2484 2237 vehe-

484 2281 692 2336 mens,
724 2270 792 2323 et
820 2270 991 2324 terra
1017 2259 1305 2346 marique
1337 2259 1687 2325 turbidum.
1777 2258 1852 2322 X
1923 2259 1978 2323 1.
2009 2259 2124 2322 cal.
2151 2258 2383 2337 Maias,
2406 2259 2476 2322 in

486 2343 712 2409 Attica
738 2346 1038 2410 occidunt
1065 2369 1173 2410 ves
1222 2346 1337 2422 eri,
1373 2345 1631 2410 Caesari.
1720 2344 1882 2410 XV.
1905 2344 2020 2409 cal.
2046 2341 2206 2408 Mai.
2232 2345 2478 2430 quatri-

486 2431 690 2494 duum
706 2431 1088 2515 significant.
1243 2430 1339 2497 II.
1372 2431 1487 2496 cal.
1523 2431 1684 2495 Mai.
1717 2430 1997 2516 Assyriis
2027 2429 2300 2494 succulae
2321 2431 2483 2496 occi-

486 2517 653 2580 dunt
691 2517 960 2601 vesperi,
1058 2517 1187 2581 uod
1232 2517 1425 2601 vulgo
1468 2538 1549 2601 ap
1599 2516 1830 2581 ellatur
1877 2517 2050 2581 sidus
2099 2516 2478 2601 Parilicium,

486 2602 793 2688 quoniam
811 2602 946 2668 XI.
970 2539 1087 2667 egl.
1111 2603 1319 2667 Maias
1336 2603 1514 2667 urbis
1535 2539 1764 2668 Romae
1781 2603 2009 2666 natalis
2031 2602 2327 2679 habetur,
2352 2623 2481 2688 quo

485 2689 620 2752 fere
650 2689 961 2753 serenitas
1000 2689 1332 2766 redditur;
1377 2689 1734 2754 claritatem
1781 2687 2238 2752 observationis
2283 2710 2483 2751 mem-

484 2773 747 2838 brorum
775 2785 1145 2858 augmento,
1180 2775 1446 2860 Hyadas
1475 2774 1948 2860 appellantibus
1995 2773 2266 2854 G‘raecis,
2308 2775 2482 2858 quod

485 2861 689 2924 nostri
738 2883 778 2924 a
816 2861 1235 2925 similitudine
1276 2861 1672 2944 cognominis
1717 2860 2094 2925 vocabulum
2141 2859 2231 2923 eis
2279 2860 2480 2924 stellis

484 2955 749 3029 propter
772 2969 992 3010 succos
1020 2946 1393 3030 impositum
1416 2947 1810 3011 arbitrantur
1834 2971 1848 3010 :
1895 2945 2180 3030 imperiti
2201 2945 2481 3030 appella-

482 3053 629 3095 vere
662 3029 981 3096 Succidas.
1075 3032 1311 3097 Caesari
1340 3030 1546 3097 VIII.
1579 3033 1696 3097 cal.
1731 3031 1940 3096 Maias
1969 3043 2277 3095 notantur
2321 3032 2475 3095 dica.

484 3115 651 3181 VII.
682 3116 799 3180 cal.
835 3116 1045 3181 Maias
1086 3116 1380 3203 AEgypto
1434 3117 1639 3183 Hoedi
1687 3117 2091 3183 exoriuntur.
2181 3116 2310 3182 VI.
2360 3118 2475 3181 cal.

484 3201 697 3266 Maias
728 3203 1009 3267 Boeotiae
1041 3215 1109 3268 et
1140 3205 1383 3268 Atticae
1426 3200 1624 3268 Canis
1671 3226 1932 3288 vespere
1980 3202 2361 3277 occultatur,
2411 3214 2479 3267 et

482 3285 773 3352 Fidicula
800 3312 986 3354 mane
1018 3290 1241 3353 oritur.
1292 3289 1379 3356 V.
1410 3290 1530 3353 cal.
1563 3289 1796 3366 MaiaS,
1829 3288 2110 3374 Assyriis
2143 3288 2348 3353 Orion
2378 3299 2478 3353 to-

481 3383 587 3524 ῐὸιε
633 3375 1075 3474 absconditur.
1167 3374 1420 3442 Quarto
1481 3387 1697 3441 autem
1745 3375 1860 3440 cal.
1918 3374 2128 3440 Maias
2189 3375 2474 3461 Assyriis

545 3483 701 3524 an1s.

566 3544 692 3610 VI.
724 3567 873 3609 non.
908 3545 1119 3610 Maias
1149 3544 1393 3611 Caesari
1413 3545 1706 3612 Succulae
1722 3546 2042 3610 matutino
2067 3546 2472 3624 exoriuntur,

481 3640 549 3694 et
580 3629 789 3696 VIII.
843 3631 1001 3696 Idus
1049 3630 1258 3696 Maias
1310 3631 1576 3718 Capella
1620 3632 1930 3717 pluvialis
2021 3633 2316 3718 AEgypto
2363 3654 2475 3696 au·-

477 3725 610 3779 tem
656 3716 879 3781 eodem
912 3717 1015 3780 die
1063 3715 1263 3782 Canis
1304 3719 1552 3803 vesperi
1600 3720 1974 3784 occultatur.
2069 3719 2175 3782 Sic
2223 3717 2359 3781 fere
2403 3717 2474 3780 in

477 3800 606 3867 VI.
700 3802 857 3951 Iddus
898 3799 1129 3881 MaiaS,
1180 3803 1295 3888 qui
1325 3815 1424 3868 est
1452 3804 1885 3890 Vergiliarum
1917 3815 2205 3881 exortuS,
2246 3803 2473 3866 decur-

476 3898 633 3952 runt
660 3888 714 3952 si
759 3911 884 3952 era.

562 3974 630 4038 A
670 3973 1101 4058 Vergiliarum
1152 3985 1387 4039 exortu
1432 3975 1796 4059 significant
1829 3975 2066 4040 Caesari
2091 3984 2238 4059 post
2312 3973 2471 4038 ridie

477 4057 634 4124 Idus
655 4060 865 4125 Maias
884 4060 1147 4126 Arcturi
1166 4083 1457 4128 occasum
1474 4063 1886 4128 matutinum.
1935 4060 2072 4134 11-1.
2095 4061 2240 4126 idus
2341 4061 2472 4127 aias
